  <div class='ocr_page' id='page_1' title='image "/cluster/home/n/w/nwhite01/storage/ocr_20150623/111/hvd.32044009716333/631.png"; bbox 0 0 4056 6336; ppageno 0'>
   <div class='ocr_carea' id='block_1_1' title="bbox 509 378 648 436">
    <p class='ocr_par' dir='ltr' id='par_1_1' title="bbox 509 378 648 436">
     <span class='ocr_line' id='line_1_1' title="bbox 509 378 648 436; baseline 0.014 -2"><span class='ocrx_word' id='word_1_1' title='bbox 509 378 648 436; x_wconf 69' lang='grc' dir='ltr'><strong>ηιτ</strong></span> 
     </span>
    </p>
   </div>
   <div class='ocr_carea' id='block_1_2' title="bbox 1067 350 3130 458">
    <p class='ocr_par' dir='ltr' id='par_1_2' title="bbox 1067 350 3130 458">
     <span class='ocr_line' id='line_1_2' title="bbox 1067 350 3130 458; baseline -0.003 -26"><span class='ocrx_word' id='word_1_2' title='bbox 1067 452 1076 458; x_wconf 79' lang='lat'>_</span> <span class='ocrx_word' id='word_1_3' title='bbox 1148 377 1211 433; x_wconf 86' lang='grc' dir='ltr'><strong>Β.</strong></span> <span class='ocrx_word' id='word_1_4' title='bbox 1255 377 1509 434; x_wconf 80' lang='lat' dir='ltr'><strong>RABANI</strong></span> <span class='ocrx_word' id='word_1_5' title='bbox 1548 377 1767 434; x_wconf 78' lang='lat' dir='ltr'><strong>MAURl</strong></span> <span class='ocrx_word' id='word_1_6' title='bbox 1804 350 2477 434; x_wconf 70' lang='lat' dir='ltr'><strong>ARCHIEP.~MOGUNT.</strong></span> <span class='ocrx_word' id='word_1_7' title='bbox 2501 370 2786 430; x_wconf 79' lang='lat' dir='ltr'><strong>OPERUM</strong></span> <span class='ocrx_word' id='word_1_8' title='bbox 2826 370 3005 427; x_wconf 80' lang='lat' dir='ltr'><strong>PARS</strong></span> <span class='ocrx_word' id='word_1_9' title='bbox 3041 371 3130 427; x_wconf 82' lang='lat' dir='ltr'><strong>Ill.</strong></span> 
     </span>
    </p>
   </div>
   <div class='ocr_carea' id='block_1_3' title="bbox 3670 362 3838 422">
    <p class='ocr_par' dir='ltr' id='par_1_3' title="bbox 3670 362 3838 422">
     <span class='ocr_line' id='line_1_3' title="bbox 3670 362 3838 422; baseline 0 0"><span class='ocrx_word' id='word_1_10' title='bbox 3670 362 3838 422; x_wconf 72' lang='grc' dir='ltr'><strong>ηιε</strong></span> 
     </span>
    </p>
   </div>
   <div class='ocr_carea' id='block_1_4' title="bbox 509 485 3829 569">
    <p class='ocr_par' dir='ltr' id='par_1_4' title="bbox 509 485 3829 569">
     <span class='ocr_line' id='line_1_4' title="bbox 509 485 3829 569; baseline -0.005 -14"><span class='ocrx_word' id='word_1_11' title='bbox 509 500 763 555; x_wconf 81' lang='lat' dir='ltr'><strong>recedere</strong></span> <span class='ocrx_word' id='word_1_12' title='bbox 791 497 1092 569; x_wconf 89' lang='lat' dir='ltr'><strong>eligebant,</strong></span> <span class='ocrx_word' id='word_1_13' title='bbox 1122 496 1356 566; x_wconf 88' lang='lat' dir='ltr'><strong>superba</strong></span> <span class='ocrx_word' id='word_1_14' title='bbox 1383 509 1444 551; x_wconf 91' lang='lat' dir='ltr'><strong>se</strong></span> <span class='ocrx_word' id='word_1_15' title='bbox 1473 495 1773 549; x_wconf 75' lang='lat' dir='ltr'><strong>intentione</strong></span> <span class='ocrx_word' id='word_1_16' title='bbox 1802 493 2095 550; x_wconf 85' lang='lat' dir='ltr'><strong>defenden-</strong></span> <span class='ocrx_word' id='word_1_17' title='bbox 2125 497 2304 556; x_wconf 81' lang='lat' dir='ltr'><strong>Aret.</strong></span> <span class='ocrx_word' id='word_1_18' title='bbox 2361 490 2476 546; x_wconf 87' lang='lat' dir='ltr'><strong>Hoc</strong></span> <span class='ocrx_word' id='word_1_19' title='bbox 2529 499 2740 546; x_wconf 92' lang='lat' dir='ltr'><strong>scutum</strong></span> <span class='ocrx_word' id='word_1_20' title='bbox 2797 488 2962 544; x_wconf 91' lang='lat' dir='ltr'><strong>etiam</strong></span> <span class='ocrx_word' id='word_1_21' title='bbox 3014 487 3272 558; x_wconf 81' lang='lat' dir='ltr'><strong>requisita</strong></span> <span class='ocrx_word' id='word_1_22' title='bbox 3331 486 3531 542; x_wconf 84' lang='lat' dir='ltr'><strong>mulier</strong></span> <span class='ocrx_word' id='word_1_23' title='bbox 3593 485 3829 548; x_wconf 86' lang='lat' dir='ltr'><strong>tenuit,</strong></span> 
     </span>
    </p>
   </div>
   <div class='ocr_carea' id='block_1_5' title="bbox 509 580 3829 662">
    <p class='ocr_par' dir='ltr' id='par_1_5' title="bbox 509 580 3829 662">
     <span class='ocr_line' id='line_1_5' title="bbox 509 580 3829 662; baseline -0.005 -14"><span class='ocrx_word' id='word_1_24' title='bbox 509 601 621 659; x_wconf 92' lang='lat' dir='ltr'><strong>tes,</strong></span> <span class='ocrx_word' id='word_1_25' title='bbox 663 591 820 662; x_wconf 85' lang='lat' dir='ltr'><strong>quasi</strong></span> <span class='ocrx_word' id='word_1_26' title='bbox 856 589 1085 658; x_wconf 60' lang='lat' dir='ltr'><strong>iustitia</strong></span> <span class='ocrx_word' id='word_1_27' title='bbox 1121 595 1472 646; x_wconf 88' lang='lat' dir='ltr'><strong>exsecutores</strong></span> <span class='ocrx_word' id='word_1_28' title='bbox 1504 601 1603 659; x_wconf 89' lang='lat' dir='ltr'><strong>per</strong></span> <span class='ocrx_word' id='word_1_29' title='bbox 1623 585 1916 643; x_wconf 78' lang='lat' dir='ltr'><strong>Jeremiam</strong></span> <span class='ocrx_word' id='word_1_30' title='bbox 1958 585 2095 640; x_wconf 88' lang='lat' dir='ltr'><strong>dici-</strong></span> <span class='ocrx_word' id='word_1_31' title='bbox 2199 583 2416 654; x_wconf 86' lang='lat' dir='ltr'><strong>quando</strong></span> <span class='ocrx_word' id='word_1_32' title='bbox 2458 597 2634 654; x_wconf 90' lang='lat' dir='ltr'><strong>neque</strong></span> <span class='ocrx_word' id='word_1_33' title='bbox 2671 583 2788 652; x_wconf 90' lang='lat' dir='ltr'><strong>ipsa</strong></span> <span class='ocrx_word' id='word_1_34' title='bbox 2831 582 2899 638; x_wconf 90' lang='lat' dir='ltr'><strong>ad</strong></span> <span class='ocrx_word' id='word_1_35' title='bbox 2943 596 3004 637; x_wconf 90' lang='lat' dir='ltr'><strong>se</strong></span> <span class='ocrx_word' id='word_1_36' title='bbox 3045 580 3256 652; x_wconf 86' lang='lat' dir='ltr'><strong>culpam</strong></span> <span class='ocrx_word' id='word_1_37' title='bbox 3296 580 3509 646; x_wconf 90' lang='lat' dir='ltr'><strong>retulit,</strong></span> <span class='ocrx_word' id='word_1_38' title='bbox 3546 580 3658 635; x_wconf 84' lang='lat' dir='ltr'><strong>sed</strong></span> <span class='ocrx_word' id='word_1_39' title='bbox 3687 594 3829 634; x_wconf 84' lang='lat' dir='ltr'><strong>ser-</strong></span> 
     </span>
    </p>
   </div>
   <div class='ocr_carea' id='block_1_6' title="bbox 509 682 1209 752">
    <p class='ocr_par' dir='ltr' id='par_1_6' title="bbox 509 682 1209 752">
     <span class='ocr_line' id='line_1_6' title="bbox 509 682 1209 752; baseline -0.004 -14"><span class='ocrx_word' id='word_1_40' title='bbox 509 691 617 740; x_wconf 89' lang='lat' dir='ltr'><strong>tur.</strong></span> <span class='ocrx_word' id='word_1_41' title='bbox 651 682 807 740; x_wconf 85' lang='lat' dir='ltr'><strong>Unde</strong></span> <span class='ocrx_word' id='word_1_42' title='bbox 835 689 892 737; x_wconf 93' lang='lat' dir='ltr'><strong>et</strong></span> <span class='ocrx_word' id='word_1_43' title='bbox 920 682 1167 752; x_wconf 80' lang='lat' dir='ltr'><strong>sequitur</strong></span> <span class='ocrx_word' id='word_1_44' title='bbox 1194 697 1209 735; x_wconf 86' lang='lat'><strong>:</strong></span> 
     </span>
    </p>
   </div>
   <div class='ocr_carea' id='block_1_7' title="bbox 2199 672 3828 746">
    <p class='ocr_par' dir='ltr' id='par_1_7' title="bbox 2199 672 3828 746">
     <span class='ocr_line' id='line_1_7' title="bbox 2199 672 3828 746; baseline 0 -18"><span class='ocrx_word' id='word_1_45' title='bbox 2199 675 2378 745; x_wconf 87' lang='lat' dir='ltr'><strong>pentis</strong></span> <span class='ocrx_word' id='word_1_46' title='bbox 2406 674 2540 731; x_wconf 92' lang='lat' dir='ltr'><strong>illud</strong></span> <span class='ocrx_word' id='word_1_47' title='bbox 2579 674 3022 746; x_wconf 88' lang='lat' dir='ltr'><strong>persuasionibus</strong></span> <span class='ocrx_word' id='word_1_48' title='bbox 3064 673 3346 746; x_wconf 84' lang='lat' dir='ltr'><strong>replicavit</strong></span> <span class='ocrx_word' id='word_1_49' title='bbox 3384 673 3588 730; x_wconf 86' lang='lat' dir='ltr'><strong>dicens</strong></span> <span class='ocrx_word' id='word_1_50' title='bbox 3619 687 3640 726; x_wconf 89' lang='lat'><strong>:</strong></span> <span class='ocrx_word' id='word_1_51' title='bbox 3675 672 3828 728; x_wconf 81' lang='lat' dir='ltr'><strong>Ser-</strong></span> 
     </span>
    </p>
   </div>
   <div class='ocr_carea' id='block_1_8' title="bbox 583 766 3824 838">
    <p class='ocr_par' dir='ltr' id='par_1_8' title="bbox 583 766 3824 838">
     <span class='ocr_line' id='line_1_8' title="bbox 583 766 3824 838; baseline -0.002 -10"><span class='ocrx_word' id='word_1_52' title='bbox 583 773 755 828; x_wconf 77' lang='lat' dir='ltr'><strong>Thau.</strong></span> <span class='ocrx_word' id='word_1_53' title='bbox 791 792 813 826; x_wconf 70' lang='grc' dir='ltr'><strong><em>ι</em></strong></span> <span class='ocrx_word' id='word_1_54' title='bbox 844 772 1031 829; x_wconf 79' lang='lat' dir='ltr'><strong>Redde</strong></span> <span class='ocrx_word' id='word_1_55' title='bbox 1073 772 1152 829; x_wconf 91' lang='lat' dir='ltr'><strong>eis</strong></span> <span class='ocrx_word' id='word_1_56' title='bbox 1179 771 1394 836; x_wconf 82' lang='lat' dir='ltr'><strong>vicem,</strong></span> <span class='ocrx_word' id='word_1_57' title='bbox 1441 769 1697 834; x_wconf 87' lang='lat' dir='ltr'><strong>Domine,</strong></span> <span class='ocrx_word' id='word_1_58' title='bbox 1737 766 1894 837; x_wconf 82' lang='lat' dir='ltr'><strong>juxta</strong></span> <span class='ocrx_word' id='word_1_59' title='bbox 1930 781 2097 838; x_wconf 83' lang='lat' dir='ltr'><strong>opera</strong></span> <span class='ocrx_word' id='word_1_60' title='bbox 2202 781 2340 836; x_wconf 90' lang='lat' dir='ltr'><strong>pens</strong></span> <span class='ocrx_word' id='word_1_61' title='bbox 2367 766 2580 838; x_wconf 89' lang='lat' dir='ltr'><strong>decepit</strong></span> <span class='ocrx_word' id='word_1_62' title='bbox 2603 781 2691 822; x_wconf 91' lang='lat' dir='ltr'><strong>me</strong></span> <span class='ocrx_word' id='word_1_63' title='bbox 2719 774 2775 822; x_wconf 89' lang='lat' dir='ltr'><strong>et</strong></span> <span class='ocrx_word' id='word_1_64' title='bbox 2803 766 3046 832; x_wconf 88' lang='lat' dir='ltr'><strong>comedi,</strong></span> <span class='ocrx_word' id='word_1_65' title='bbox 3075 775 3138 822; x_wconf 92' lang='lat' dir='ltr'><strong>ut</strong></span> <span class='ocrx_word' id='word_1_66' title='bbox 3165 766 3282 838; x_wconf 91' lang='lat' dir='ltr'><strong>ipsa</strong></span> <span class='ocrx_word' id='word_1_67' title='bbox 3309 781 3531 838; x_wconf 87' lang='lat' dir='ltr'><strong>quoque</strong></span> <span class='ocrx_word' id='word_1_68' title='bbox 3581 774 3824 823; x_wconf 82' lang='lat' dir='ltr'><strong>reatum</strong></span> 
     </span>
    </p>
   </div>
   <div class='ocr_carea' id='block_1_9' title="bbox 516 855 2101 930">
    <p class='ocr_par' dir='ltr' id='par_1_9' title="bbox 516 855 2101 930">
     <span class='ocr_line' id='line_1_9' title="bbox 516 855 2101 930; baseline -0.004 -13"><span class='ocrx_word' id='word_1_69' title='bbox 516 884 535 917; x_wconf 77' lang='grc' dir='ltr'>ι</span> <span class='ocrx_word' id='word_1_70' title='bbox 570 879 828 920; x_wconf 89' lang='lat' dir='ltr'><strong>manuum</strong></span> <span class='ocrx_word' id='word_1_71' title='bbox 877 877 1121 918; x_wconf 88' lang='lat' dir='ltr'><strong>suarum.</strong></span> <span class='ocrx_word' id='word_1_72' title='bbox 1152 881 1172 914; x_wconf 74' lang='grc' dir='ltr'><strong>ι</strong></span> <span class='ocrx_word' id='word_1_73' title='bbox 1205 855 1440 930; x_wconf 80' lang='lat' dir='ltr'><strong>Moxque</strong></span> <span class='ocrx_word' id='word_1_74' title='bbox 1485 857 1732 915; x_wconf 87' lang='lat' dir='ltr'><strong>eamdem</strong></span> <span class='ocrx_word' id='word_1_75' title='bbox 1779 857 1957 913; x_wconf 83' lang='lat' dir='ltr'><strong>vicem</strong></span> <span class='ocrx_word' id='word_1_76' title='bbox 2004 869 2101 911; x_wconf 83' lang='lat' dir='ltr'><strong>ex-</strong></span> 
     </span>
    </p>
   </div>
   <div class='ocr_carea' id='block_1_10' title="bbox 509 952 1821 1024">
    <p class='ocr_par' dir='ltr' id='par_1_10' title="bbox 509 952 1821 1024">
     <span class='ocr_line' id='line_1_10' title="bbox 509 952 1821 1024; baseline -0.005 -15"><span class='ocrx_word' id='word_1_77' title='bbox 509 953 756 1024; x_wconf 84' lang='lat' dir='ltr'><strong>pressius</strong></span> <span class='ocrx_word' id='word_1_78' title='bbox 785 952 1049 1020; x_wconf 83' lang='lat' dir='ltr'><strong>subdidit,</strong></span> <span class='ocrx_word' id='word_1_79' title='bbox 1079 952 1306 1008; x_wconf 88' lang='lat' dir='ltr'><strong>dicens:</strong></span> <span class='ocrx_word' id='word_1_80' title='bbox 1815 991 1821 998; x_wconf 89' lang='lat'><strong>.</strong></span> 
     </span>
    </p>
   </div>
   <div class='ocr_carea' id='block_1_11' title="bbox 592 1040 2096 1100">
    <p class='ocr_par' dir='ltr' id='par_1_11' title="bbox 592 1040 2096 1100">
     <span class='ocr_line' id='line_1_11' title="bbox 592 1040 2096 1100; baseline -0.005 0"><span class='ocrx_word' id='word_1_81' title='bbox 592 1045 767 1100; x_wconf 70' lang='lat' dir='ltr'><strong>Thau.</strong></span> <span class='ocrx_word' id='word_1_82' title='bbox 803 1063 822 1098; x_wconf 73' lang='grc' dir='ltr'><strong>α</strong></span> <span class='ocrx_word' id='word_1_83' title='bbox 856 1044 1020 1100; x_wconf 89' lang='lat' dir='ltr'><strong>Dabis</strong></span> <span class='ocrx_word' id='word_1_84' title='bbox 1047 1044 1128 1100; x_wconf 90' lang='lat' dir='ltr'><strong>eis</strong></span> <span class='ocrx_word' id='word_1_85' title='bbox 1152 1050 1368 1100; x_wconf 86' lang='lat' dir='ltr'><strong>scutum</strong></span> <span class='ocrx_word' id='word_1_86' title='bbox 1394 1040 1575 1098; x_wconf 84' lang='lat' dir='ltr'><strong>cordis</strong></span> <span class='ocrx_word' id='word_1_87' title='bbox 1599 1040 1844 1097; x_wconf 88' lang='lat' dir='ltr'><strong>laborem</strong></span> <span class='ocrx_word' id='word_1_88' title='bbox 1870 1047 2042 1095; x_wconf 90' lang='lat' dir='ltr'><strong>tuum.</strong></span> <span class='ocrx_word' id='word_1_89' title='bbox 2075 1055 2096 1091; x_wconf 73' lang='grc' dir='ltr'><strong><em>ι</em></strong></span> 
     </span>
    </p>
   </div>
   <div class='ocr_carea' id='block_1_12' title="bbox 507 1131 2100 1210">
    <p class='ocr_par' dir='ltr' id='par_1_12' title="bbox 507 1131 2100 1210">
     <span class='ocr_line' id='line_1_12' title="bbox 507 1131 2100 1210; baseline -0.004 -19"><span class='ocrx_word' id='word_1_90' title='bbox 507 1133 716 1210; x_wconf 80' lang='lat' dir='ltr'><strong>(Greg.</strong></span> <span class='ocrx_word' id='word_1_91' title='bbox 749 1134 770 1208; x_wconf 97' lang='lat'><strong>)</strong></span> <span class='ocrx_word' id='word_1_92' title='bbox 797 1134 980 1190; x_wconf 87' lang='lat' dir='ltr'><strong>Labor</strong></span> <span class='ocrx_word' id='word_1_93' title='bbox 1003 1135 1203 1206; x_wconf 88' lang='lat' dir='ltr'><strong>quippe</strong></span> <span class='ocrx_word' id='word_1_94' title='bbox 1232 1134 1330 1190; x_wconf 91' lang='lat' dir='ltr'><strong>Dei</strong></span> <span class='ocrx_word' id='word_1_95' title='bbox 1359 1147 1630 1204; x_wconf 87' lang='lat' dir='ltr'><strong>apparens</strong></span> <span class='ocrx_word' id='word_1_96' title='bbox 1657 1131 1802 1186; x_wconf 91' lang='lat' dir='ltr'><strong>inter</strong></span> <span class='ocrx_word' id='word_1_97' title='bbox 1829 1131 2100 1196; x_wconf 86' lang='lat' dir='ltr'><strong>homines,</strong></span> 
     </span>
    </p>
   </div>
   <div class='ocr_carea' id='block_1_13' title="bbox 513 1226 2105 1304">
    <p class='ocr_par' dir='ltr' id='par_1_13' title="bbox 513 1226 2105 1304">
     <span class='ocr_line' id='line_1_13' title="bbox 513 1226 2105 1304; baseline -0.001 -18"><span class='ocrx_word' id='word_1_98' title='bbox 513 1228 787 1304; x_wconf 90' lang='lat' dir='ltr'><strong>passibilis</strong></span> <span class='ocrx_word' id='word_1_99' title='bbox 824 1230 942 1302; x_wconf 87' lang='lat' dir='ltr'><strong>ejus</strong></span> <span class='ocrx_word' id='word_1_100' title='bbox 969 1230 1282 1286; x_wconf 82' lang='lat' dir='ltr'><strong>humanitas</strong></span> <span class='ocrx_word' id='word_1_101' title='bbox 1311 1229 1449 1296; x_wconf 85' lang='lat' dir='ltr'><strong>fuit,</strong></span> <span class='ocrx_word' id='word_1_102' title='bbox 1483 1243 1648 1299; x_wconf 91' lang='lat' dir='ltr'><strong>quam</strong></span> <span class='ocrx_word' id='word_1_103' title='bbox 1669 1226 1840 1283; x_wconf 84' lang='lat' dir='ltr'><strong>Judaei</strong></span> <span class='ocrx_word' id='word_1_104' title='bbox 1873 1226 2105 1298; x_wconf 88' lang='lat' dir='ltr'><strong>superbe</strong></span> 
     </span>
    </p>
   </div>
   <div class='ocr_carea' id='block_1_14' title="bbox 516 1316 3570 1392">
    <p class='ocr_par' dir='ltr' id='par_1_14' title="bbox 516 1316 3570 1392">
     <span class='ocr_line' id='line_1_14' title="bbox 516 1316 3570 1392; baseline -0.002 -14"><span class='ocrx_word' id='word_1_105' title='bbox 516 1320 735 1392; x_wconf 87' lang='lat' dir='ltr'><strong>sapiens</strong></span> <span class='ocrx_word' id='word_1_106' title='bbox 781 1320 912 1375; x_wconf 89' lang='lat' dir='ltr'><strong>dum</strong></span> <span class='ocrx_word' id='word_1_107' title='bbox 958 1328 1246 1376; x_wconf 86' lang='lat' dir='ltr'><strong>cernerent</strong></span> <span class='ocrx_word' id='word_1_108' title='bbox 1289 1318 1686 1390; x_wconf 82' lang='lat' dir='ltr'><strong>despexerunt,</strong></span> <span class='ocrx_word' id='word_1_109' title='bbox 1731 1333 1964 1388; x_wconf 90' lang='lat' dir='ltr'><strong>eumque</strong></span> <span class='ocrx_word' id='word_1_110' title='bbox 2004 1318 2109 1374; x_wconf 87' lang='lat' dir='ltr'><strong>im-</strong></span> <span class='ocrx_word' id='word_1_111' title='bbox 2200 1317 2517 1388; x_wconf 70' lang='lat' dir='ltr'><strong>justissima:</strong></span> <span class='ocrx_word' id='word_1_112' title='bbox 2569 1318 2926 1390; x_wconf 87' lang='lat' dir='ltr'><strong>correptionis</strong></span> <span class='ocrx_word' id='word_1_113' title='bbox 2980 1318 3147 1372; x_wconf 89' lang='lat' dir='ltr'><strong>verba</strong></span> <span class='ocrx_word' id='word_1_114' title='bbox 3201 1316 3570 1388; x_wconf 88' lang='lat' dir='ltr'><strong>protulerunt.</strong></span> 
     </span>
    </p>
   </div>
   <div class='ocr_carea' id='block_1_15' title="bbox 515 1415 2108 1486">
    <p class='ocr_par' dir='ltr' id='par_1_15' title="bbox 515 1415 2108 1486">
     <span class='ocr_line' id='line_1_15' title="bbox 515 1415 2108 1486; baseline -0.001 -14"><span class='ocrx_word' id='word_1_115' title='bbox 515 1415 800 1472; x_wconf 82' lang='lat' dir='ltr'><strong>mortalem</strong></span> <span class='ocrx_word' id='word_1_116' title='bbox 830 1416 1055 1471; x_wconf 86' lang='lat' dir='ltr'><strong>credere</strong></span> <span class='ocrx_word' id='word_1_117' title='bbox 1084 1415 1356 1486; x_wconf 88' lang='lat' dir='ltr'><strong>dedignati</strong></span> <span class='ocrx_word' id='word_1_118' title='bbox 1383 1422 1540 1481; x_wconf 91' lang='lat' dir='ltr'><strong>sunt,</strong></span> <span class='ocrx_word' id='word_1_119' title='bbox 1569 1429 1729 1484; x_wconf 88' lang='lat' dir='ltr'><strong>quem</strong></span> <span class='ocrx_word' id='word_1_120' title='bbox 1760 1421 1957 1469; x_wconf 89' lang='lat' dir='ltr'><strong>natura</strong></span> <span class='ocrx_word' id='word_1_121' title='bbox 1983 1428 2108 1484; x_wconf 88' lang='lat' dir='ltr'><strong>pas-</strong></span> 
     </span>
    </p>
   </div>
   <div class='ocr_carea' id='block_1_16' title="bbox 515 1503 2108 1575">
    <p class='ocr_par' dir='ltr' id='par_1_16' title="bbox 515 1503 2108 1575">
     <span class='ocr_line' id='line_1_16' title="bbox 515 1503 2108 1575; baseline -0.002 -13"><span class='ocrx_word' id='word_1_122' title='bbox 515 1507 659 1563; x_wconf 91' lang='lat' dir='ltr'><strong>sibili</strong></span> <span class='ocrx_word' id='word_1_123' title='bbox 711 1506 998 1562; x_wconf 86' lang='lat' dir='ltr'><strong>mortalem</strong></span> <span class='ocrx_word' id='word_1_124' title='bbox 1049 1506 1318 1562; x_wconf 90' lang='lat' dir='ltr'><strong>viderunt.</strong></span> <span class='ocrx_word' id='word_1_125' title='bbox 1361 1505 1607 1575; x_wconf 89' lang='lat' dir='ltr'><strong>Cumque</strong></span> <span class='ocrx_word' id='word_1_126' title='bbox 1657 1504 1773 1574; x_wconf 87' lang='lat' dir='ltr'><strong>ejus</strong></span> <span class='ocrx_word' id='word_1_127' title='bbox 1833 1503 2108 1560; x_wconf 83' lang='lat' dir='ltr'><strong>humilita-</strong></span> 
     </span>
    </p>
   </div>
   <div class='ocr_carea' id='block_1_17' title="bbox 516 1597 2105 1669">
    <p class='ocr_par' dir='ltr' id='par_1_17' title="bbox 516 1597 2105 1669">
     <span class='ocr_line' id='line_1_17' title="bbox 516 1597 2105 1669; baseline 0 -16"><span class='ocrx_word' id='word_1_128' title='bbox 516 1607 626 1653; x_wconf 87' lang='lat' dir='ltr'><strong>tem</strong></span> <span class='ocrx_word' id='word_1_129' title='bbox 657 1599 1068 1668; x_wconf 88' lang='lat' dir='ltr'><strong>conspicerent,</strong></span> <span class='ocrx_word' id='word_1_130' title='bbox 1100 1598 1365 1669; x_wconf 74' lang='lat' dir='ltr'><strong>superbize</strong></span> <span class='ocrx_word' id='word_1_131' title='bbox 1405 1597 1548 1653; x_wconf 79' lang='lat' dir='ltr'><strong>fastu</strong></span> <span class='ocrx_word' id='word_1_132' title='bbox 1591 1597 1864 1664; x_wconf 87' lang='lat' dir='ltr'><strong>indurati,</strong></span> <span class='ocrx_word' id='word_1_133' title='bbox 1895 1613 2105 1654; x_wconf 88' lang='lat' dir='ltr'><strong>summa</strong></span> 
     </span>
    </p>
   </div>
   <div class='ocr_carea' id='block_1_18' title="bbox 517 1689 2110 1761">
    <p class='ocr_par' dir='ltr' id='par_1_18' title="bbox 517 1689 2110 1761">
     <span class='ocr_line' id='line_1_18' title="bbox 517 1689 2110 1761; baseline 0 -17"><span class='ocrx_word' id='word_1_134' title='bbox 517 1706 645 1744; x_wconf 91' lang='lat' dir='ltr'><strong>cura</strong></span> <span class='ocrx_word' id='word_1_135' title='bbox 675 1689 852 1746; x_wconf 92' lang='lat' dir='ltr'><strong>moliti</strong></span> <span class='ocrx_word' id='word_1_136' title='bbox 897 1699 1062 1756; x_wconf 86' lang='lat' dir='ltr'><strong>sunt,</strong></span> <span class='ocrx_word' id='word_1_137' title='bbox 1093 1705 1164 1745; x_wconf 92' lang='lat' dir='ltr'><strong>ne</strong></span> <span class='ocrx_word' id='word_1_138' title='bbox 1207 1704 1397 1746; x_wconf 92' lang='lat' dir='ltr'><strong>eorum</strong></span> <span class='ocrx_word' id='word_1_139' title='bbox 1441 1697 1652 1745; x_wconf 91' lang='lat' dir='ltr'><strong>mentes</strong></span> <span class='ocrx_word' id='word_1_140' title='bbox 1695 1697 1883 1746; x_wconf 89' lang='lat' dir='ltr'><strong>sancta</strong></span> <span class='ocrx_word' id='word_1_141' title='bbox 1913 1690 2110 1761; x_wconf 68' lang='lat' dir='ltr'><strong>praedi-</strong></span> 
     </span>
    </p>
   </div>
   <div class='ocr_carea' id='block_1_19' title="bbox 489 1779 2108 1852">
    <p class='ocr_par' dir='ltr' id='par_1_19' title="bbox 489 1779 2108 1852">
     <span class='ocr_line' id='line_1_19' title="bbox 489 1779 2108 1852; baseline 0.002 -17"><span class='ocrx_word' id='word_1_142' title='bbox 489 1821 492 1824; x_wconf 53' lang='grc' dir='ltr'><em>ι</em></span> <span class='ocrx_word' id='word_1_143' title='bbox 517 1782 759 1836; x_wconf 88' lang='lat' dir='ltr'><strong>cautium</strong></span> <span class='ocrx_word' id='word_1_144' title='bbox 803 1782 968 1837; x_wconf 90' lang='lat' dir='ltr'><strong>verba</strong></span> <span class='ocrx_word' id='word_1_145' title='bbox 999 1788 1366 1851; x_wconf 89' lang='lat' dir='ltr'><strong>penetrarent.</strong></span> <span class='ocrx_word' id='word_1_146' title='bbox 1399 1779 1535 1835; x_wconf 91' lang='lat' dir='ltr'><strong>Dum</strong></span> <span class='ocrx_word' id='word_1_147' title='bbox 1565 1795 1698 1852; x_wconf 89' lang='lat' dir='ltr'><strong>ergo</strong></span> <span class='ocrx_word' id='word_1_148' title='bbox 1725 1782 1806 1837; x_wconf 90' lang='lat' dir='ltr'><strong>eis</strong></span> <span class='ocrx_word' id='word_1_149' title='bbox 1849 1781 2108 1838; x_wconf 87' lang='lat' dir='ltr'><strong>Dominus</strong></span> 
     </span>
    </p>
   </div>
   <div class='ocr_carea' id='block_1_20' title="bbox 2208 855 3820 928">
    <p class='ocr_par' dir='ltr' id='par_1_20' title="bbox 2208 855 3820 928">
     <span class='ocr_line' id='line_1_20' title="bbox 2208 855 3820 928; baseline 0.001 -17"><span class='ocrx_word' id='word_1_150' title='bbox 2208 871 2366 911; x_wconf 89' lang='lat' dir='ltr'><strong>suum</strong></span> <span class='ocrx_word' id='word_1_151' title='bbox 2394 856 2614 928; x_wconf 89' lang='lat' dir='ltr'><strong>oblique</strong></span> <span class='ocrx_word' id='word_1_152' title='bbox 2643 857 2699 912; x_wconf 87' lang='lat' dir='ltr'><strong>in</strong></span> <span class='ocrx_word' id='word_1_153' title='bbox 2725 855 3046 913; x_wconf 85' lang='lat' dir='ltr'><strong>Creatorem</strong></span> <span class='ocrx_word' id='word_1_154' title='bbox 3076 858 3318 923; x_wconf 89' lang='lat' dir='ltr'><strong>duceret,</strong></span> <span class='ocrx_word' id='word_1_155' title='bbox 3350 858 3446 928; x_wconf 91' lang='lat' dir='ltr'><strong>qui</strong></span> <span class='ocrx_word' id='word_1_156' title='bbox 3489 856 3614 912; x_wconf 90' lang='lat' dir='ltr'><strong>illic</strong></span> <span class='ocrx_word' id='word_1_157' title='bbox 3661 858 3820 912; x_wconf 79' lang='lat' dir='ltr'><strong>intra</strong></span> 
     </span>
    </p>
   </div>
   <div class='ocr_carea' id='block_1_21' title="bbox 2203 946 3821 1017">
    <p class='ocr_par' dir='ltr' id='par_1_21' title="bbox 2203 946 3821 1017">
     <span class='ocr_line' id='line_1_21' title="bbox 2203 946 3821 1017; baseline -0.001 -15"><span class='ocrx_word' id='word_1_158' title='bbox 2203 961 2262 1002; x_wconf 90' lang='lat' dir='ltr'><strong>se</strong></span> <span class='ocrx_word' id='word_1_159' title='bbox 2309 955 2615 1017; x_wconf 88' lang='lat' dir='ltr'><strong>serpentem</strong></span> <span class='ocrx_word' id='word_1_160' title='bbox 2656 962 3048 1017; x_wconf 85' lang='lat' dir='ltr'><strong>persuasurum</strong></span> <span class='ocrx_word' id='word_1_161' title='bbox 3087 946 3217 1002; x_wconf 83' lang='lat' dir='ltr'><strong>talia</strong></span> <span class='ocrx_word' id='word_1_162' title='bbox 3255 947 3633 1017; x_wconf 83' lang='lat' dir='ltr'><strong>permisisset.</strong></span> <span class='ocrx_word' id='word_1_163' title='bbox 3683 947 3821 1002; x_wconf 84' lang='lat' dir='ltr'><strong>Ser-</strong></span> 
     </span>
    </p>
   </div>
   <div class='ocr_carea' id='block_1_22' title="bbox 2203 1038 3816 1112">
    <p class='ocr_par' dir='ltr' id='par_1_22' title="bbox 2203 1038 3816 1112">
     <span class='ocr_line' id='line_1_22' title="bbox 2203 1038 3816 1112; baseline -0.001 -18"><span class='ocrx_word' id='word_1_164' title='bbox 2203 1055 2338 1110; x_wconf 87' lang='lat' dir='ltr'><strong>pens</strong></span> <span class='ocrx_word' id='word_1_165' title='bbox 2362 1055 2493 1096; x_wconf 90' lang='lat' dir='ltr'><strong>vero</strong></span> <span class='ocrx_word' id='word_1_166' title='bbox 2513 1039 2629 1109; x_wconf 91' lang='lat' dir='ltr'><strong>jam</strong></span> <span class='ocrx_word' id='word_1_167' title='bbox 2659 1055 2768 1095; x_wconf 91' lang='lat' dir='ltr'><strong>non</strong></span> <span class='ocrx_word' id='word_1_168' title='bbox 2798 1041 3114 1111; x_wconf 86' lang='lat' dir='ltr'><strong>requiritur,</strong></span> <span class='ocrx_word' id='word_1_169' title='bbox 3144 1040 3271 1112; x_wconf 85' lang='lat' dir='ltr'><strong>quia</strong></span> <span class='ocrx_word' id='word_1_170' title='bbox 3311 1054 3413 1095; x_wconf 89' lang='lat' dir='ltr'><strong>nec</strong></span> <span class='ocrx_word' id='word_1_171' title='bbox 3453 1038 3577 1108; x_wconf 86' lang='lat' dir='ltr'><strong>ejus</strong></span> <span class='ocrx_word' id='word_1_172' title='bbox 3623 1041 3816 1110; x_wconf 74' lang='lat' dir='ltr'><strong>pumi-</strong></span> 
     </span>
    </p>
   </div>
   <div class='ocr_carea' id='block_1_23' title="bbox 2206 1131 3808 1204">
    <p class='ocr_par' dir='ltr' id='par_1_23' title="bbox 2206 1131 3808 1204">
     <span class='ocr_line' id='line_1_23' title="bbox 2206 1131 3808 1204; baseline -0.002 -16"><span class='ocrx_word' id='word_1_173' title='bbox 2206 1134 2372 1188; x_wconf 87' lang='lat' dir='ltr'><strong>tentia</strong></span> <span class='ocrx_word' id='word_1_174' title='bbox 2425 1134 2789 1203; x_wconf 75' lang='lat' dir='ltr'><strong>quaerebatur.</strong></span> <span class='ocrx_word' id='word_1_175' title='bbox 2843 1131 2910 1187; x_wconf 82' lang='lat' dir='ltr'><strong>lli</strong></span> <span class='ocrx_word' id='word_1_176' title='bbox 2958 1142 3140 1189; x_wconf 89' lang='lat' dir='ltr'><strong>autem</strong></span> <span class='ocrx_word' id='word_1_177' title='bbox 3186 1147 3416 1204; x_wconf 88' lang='lat' dir='ltr'><strong>quorum</strong></span> <span class='ocrx_word' id='word_1_178' title='bbox 3462 1132 3808 1201; x_wconf 61' lang='lat' dir='ltr'><strong>poenitentia</strong></span> 
     </span>
    </p>
   </div>
   <div class='ocr_carea' id='block_1_24' title="bbox 2207 1225 3814 1298">
    <p class='ocr_par' dir='ltr' id='par_1_24' title="bbox 2207 1225 3814 1298">
     <span class='ocr_line' id='line_1_24' title="bbox 2207 1225 3814 1298; baseline 0 -18"><span class='ocrx_word' id='word_1_179' title='bbox 2207 1226 2433 1298; x_wconf 76' lang='lat' dir='ltr'><strong>quzesita</strong></span> <span class='ocrx_word' id='word_1_180' title='bbox 2473 1233 2593 1291; x_wconf 90' lang='lat' dir='ltr'><strong>est,</strong></span> <span class='ocrx_word' id='word_1_181' title='bbox 2626 1234 2837 1282; x_wconf 81' lang='lat' dir='ltr'><strong>scutum</strong></span> <span class='ocrx_word' id='word_1_182' title='bbox 2867 1226 3212 1297; x_wconf 64' lang='lat' dir='ltr'><strong>nequissimae</strong></span> <span class='ocrx_word' id='word_1_183' title='bbox 3241 1225 3577 1281; x_wconf 86' lang='lat' dir='ltr'><strong>defensionis</strong></span> <span class='ocrx_word' id='word_1_184' title='bbox 3609 1235 3814 1281; x_wconf 87' lang='lat' dir='ltr'><strong>contra</strong></span> 
     </span>
    </p>
   </div>
   <div class='ocr_carea' id='block_1_25' title="bbox 3656 1318 3818 1374">
    <p class='ocr_par' dir='ltr' id='par_1_25' title="bbox 3656 1318 3818 1374">
     <span class='ocr_line' id='line_1_25' title="bbox 3656 1318 3818 1374; baseline 0 -1"><span class='ocrx_word' id='word_1_185' title='bbox 3656 1318 3818 1374; x_wconf 80' lang='lat' dir='ltr'><strong>Unde</strong></span> 
     </span>
    </p>
   </div>
   <div class='ocr_carea' id='block_1_26' title="bbox 2208 1411 3816 1483">
    <p class='ocr_par' dir='ltr' id='par_1_26' title="bbox 2208 1411 3816 1483">
     <span class='ocr_line' id='line_1_26' title="bbox 2208 1411 3816 1483; baseline -0.001 -17"><span class='ocrx_word' id='word_1_186' title='bbox 2208 1428 2355 1468; x_wconf 92' lang='lat' dir='ltr'><strong>nunc</strong></span> <span class='ocrx_word' id='word_1_187' title='bbox 2384 1427 2555 1483; x_wconf 90' lang='lat' dir='ltr'><strong>usque</strong></span> <span class='ocrx_word' id='word_1_188' title='bbox 2585 1411 2640 1467; x_wconf 93' lang='lat' dir='ltr'><strong>in</strong></span> <span class='ocrx_word' id='word_1_189' title='bbox 2668 1427 2826 1467; x_wconf 92' lang='lat' dir='ltr'><strong>usum</strong></span> <span class='ocrx_word' id='word_1_190' title='bbox 2855 1411 3193 1482; x_wconf 89' lang='lat' dir='ltr'><strong>peccantium</strong></span> <span class='ocrx_word' id='word_1_191' title='bbox 3235 1411 3490 1477; x_wconf 87' lang='lat' dir='ltr'><strong>trahitur,</strong></span> <span class='ocrx_word' id='word_1_192' title='bbox 3539 1421 3603 1465; x_wconf 87' lang='lat' dir='ltr'><strong>ut</strong></span> <span class='ocrx_word' id='word_1_193' title='bbox 3651 1411 3816 1481; x_wconf 84' lang='lat' dir='ltr'><strong>culpa</strong></span> 
     </span>
    </p>
   </div>
   <div class='ocr_carea' id='block_1_27' title="bbox 2209 1502 3819 1576">
    <p class='ocr_par' dir='ltr' id='par_1_27' title="bbox 2209 1502 3819 1576">
     <span class='ocr_line' id='line_1_27' title="bbox 2209 1502 3819 1576; baseline -0.001 -17"><span class='ocrx_word' id='word_1_194' title='bbox 2209 1520 2330 1560; x_wconf 86' lang='lat' dir='ltr'><strong>cum</strong></span> <span class='ocrx_word' id='word_1_195' title='bbox 2371 1505 2616 1576; x_wconf 83' lang='lat' dir='ltr'><strong>arguitur</strong></span> <span class='ocrx_word' id='word_1_196' title='bbox 2655 1503 2991 1569; x_wconf 80' lang='lat' dir='ltr'><strong>defendatur,</strong></span> <span class='ocrx_word' id='word_1_197' title='bbox 3035 1511 3090 1558; x_wconf 89' lang='lat' dir='ltr'><strong>et</strong></span> <span class='ocrx_word' id='word_1_198' title='bbox 3126 1503 3269 1558; x_wconf 91' lang='lat' dir='ltr'><strong>unde</strong></span> <span class='ocrx_word' id='word_1_199' title='bbox 3308 1502 3453 1558; x_wconf 93' lang='lat' dir='ltr'><strong>ﬁniri</strong></span> <span class='ocrx_word' id='word_1_200' title='bbox 3498 1512 3700 1560; x_wconf 85' lang='lat' dir='ltr'><strong>reatus</strong></span> <span class='ocrx_word' id='word_1_201' title='bbox 3731 1505 3819 1558; x_wconf 83' lang='lat' dir='ltr'><strong>de-</strong></span> 
     </span>
    </p>
   </div>
   <div class='ocr_carea' id='block_1_28' title="bbox 2207 1597 2868 1664">
    <p class='ocr_par' dir='ltr' id='par_1_28' title="bbox 2207 1597 2868 1664">
     <span class='ocr_line' id='line_1_28' title="bbox 2207 1597 2868 1664; baseline -0.002 -11"><span class='ocrx_word' id='word_1_202' title='bbox 2207 1598 2327 1654; x_wconf 84' lang='lat' dir='ltr'><strong>buit</strong></span> <span class='ocrx_word' id='word_1_203' title='bbox 2345 1640 2359 1664; x_wconf 91' lang='lat'><strong>,</strong></span> <span class='ocrx_word' id='word_1_204' title='bbox 2391 1599 2516 1654; x_wconf 91' lang='lat' dir='ltr'><strong>inde</strong></span> <span class='ocrx_word' id='word_1_205' title='bbox 2545 1597 2868 1654; x_wconf 88' lang='lat' dir='ltr'><strong>cumuletur.</strong></span> 
     </span>
    </p>
   </div>
   <div class='ocr_carea' id='block_1_29' title="bbox 2284 1686 3818 1759">
    <p class='ocr_par' dir='ltr' id='par_1_29' title="bbox 2284 1686 3818 1759">
     <span class='ocr_line' id='line_1_29' title="bbox 2284 1686 3818 1759; baseline -0.001 -15"><span class='ocrx_word' id='word_1_206' title='bbox 2284 1689 2452 1744; x_wconf 83' lang='lat' dir='ltr'><strong>Thau.</strong></span> <span class='ocrx_word' id='word_1_207' title='bbox 2489 1709 2506 1741; x_wconf 75' lang='grc' dir='ltr'>ι</span> <span class='ocrx_word' id='word_1_208' title='bbox 2541 1687 2895 1759; x_wconf 86' lang='lat' dir='ltr'><strong>Persequeris</strong></span> <span class='ocrx_word' id='word_1_209' title='bbox 2940 1687 2996 1743; x_wconf 90' lang='lat' dir='ltr'><strong>in</strong></span> <span class='ocrx_word' id='word_1_210' title='bbox 3047 1686 3234 1744; x_wconf 82' lang='lat' dir='ltr'><strong>furore</strong></span> <span class='ocrx_word' id='word_1_211' title='bbox 3277 1696 3410 1754; x_wconf 85' lang='lat' dir='ltr'><strong>tuo,</strong></span> <span class='ocrx_word' id='word_1_212' title='bbox 3449 1695 3512 1743; x_wconf 91' lang='lat' dir='ltr'><strong>et</strong></span> <span class='ocrx_word' id='word_1_213' title='bbox 3553 1699 3818 1743; x_wconf 83' lang='lat' dir='ltr'><strong>conteres</strong></span> 
     </span>
    </p>
   </div>
   <div class='ocr_carea' id='block_1_30' title="bbox 2219 1777 3815 1852">
    <p class='ocr_par' dir='ltr' id='par_1_30' title="bbox 2219 1777 3815 1852">
     <span class='ocr_line' id='line_1_30' title="bbox 2219 1777 3815 1852; baseline 0.001 -19"><span class='ocrx_word' id='word_1_214' title='bbox 2219 1800 2238 1833; x_wconf 74' lang='grc' dir='ltr'>ι</span> <span class='ocrx_word' id='word_1_215' title='bbox 2271 1797 2366 1838; x_wconf 90' lang='lat' dir='ltr'><strong>eos</strong></span> <span class='ocrx_word' id='word_1_216' title='bbox 2418 1781 2517 1837; x_wconf 89' lang='lat' dir='ltr'><strong>sub</strong></span> <span class='ocrx_word' id='word_1_217' title='bbox 2573 1780 2746 1846; x_wconf 76' lang='lat' dir='ltr'><strong>ctelis,</strong></span> <span class='ocrx_word' id='word_1_218' title='bbox 2786 1779 3033 1835; x_wconf 90' lang='lat' dir='ltr'><strong>Domine.</strong></span> <span class='ocrx_word' id='word_1_219' title='bbox 3079 1798 3098 1832; x_wconf 84' lang='grc'><strong>›</strong></span> <span class='ocrx_word' id='word_1_220' title='bbox 3133 1779 3154 1852; x_wconf 92' lang='grc'><strong>(</strong></span> <span class='ocrx_word' id='word_1_221' title='bbox 3189 1777 3487 1850; x_wconf 72' lang='grc' dir='ltr'><strong>Μωιιυε.)</strong></span> <span class='ocrx_word' id='word_1_222' title='bbox 3545 1777 3652 1833; x_wconf 66' lang='lat' dir='ltr'><strong>Ha:</strong></span> <span class='ocrx_word' id='word_1_223' title='bbox 3710 1787 3815 1834; x_wconf 82' lang='lat' dir='ltr'><strong>tres</strong></span> 
     </span>
    </p>
   </div>
   <div class='ocr_carea' id='block_1_31' title="bbox 516 1872 3817 1950">
    <p class='ocr_par' dir='ltr' id='par_1_31' title="bbox 516 1872 3817 1950">
     <span class='ocr_line' id='line_1_31' title="bbox 516 1872 3817 1950; baseline 0.001 -23"><span class='ocrx_word' id='word_1_224' title='bbox 516 1874 693 1929; x_wconf 80' lang='lat' dir='ltr'><strong>vicem</strong></span> <span class='ocrx_word' id='word_1_225' title='bbox 723 1873 990 1929; x_wconf 89' lang='lat' dir='ltr'><strong>malorum</strong></span> <span class='ocrx_word' id='word_1_226' title='bbox 1020 1889 1245 1944; x_wconf 91' lang='lat' dir='ltr'><strong>operum</strong></span> <span class='ocrx_word' id='word_1_227' title='bbox 1274 1873 1559 1941; x_wconf 88' lang='lat' dir='ltr'><strong>redderet,</strong></span> <span class='ocrx_word' id='word_1_228' title='bbox 1589 1874 1738 1931; x_wconf 89' lang='lat' dir='ltr'><strong>dedit</strong></span> <span class='ocrx_word' id='word_1_229' title='bbox 1763 1875 1867 1932; x_wconf 89' lang='lat' dir='ltr'><strong>illis</strong></span> <span class='ocrx_word' id='word_1_230' title='bbox 1892 1885 2106 1932; x_wconf 92' lang='lat' dir='ltr'><strong>scutum</strong></span> <span class='ocrx_word' id='word_1_231' title='bbox 2133 1889 2181 1950; x_wconf 82' lang='grc' dir='ltr'><strong>Β</strong></span> <span class='ocrx_word' id='word_1_232' title='bbox 2209 1875 2522 1941; x_wconf 78' lang='lat' dir='ltr'><strong>sententize,</strong></span> <span class='ocrx_word' id='word_1_233' title='bbox 2565 1889 2698 1945; x_wconf 92' lang='lat' dir='ltr'><strong>quas</strong></span> <span class='ocrx_word' id='word_1_234' title='bbox 2740 1873 2900 1929; x_wconf 90' lang='lat' dir='ltr'><strong>modo</strong></span> <span class='ocrx_word' id='word_1_235' title='bbox 2939 1873 3408 1936; x_wconf 83' lang='lat' dir='ltr'><strong>enumeravimus,</strong></span> <span class='ocrx_word' id='word_1_236' title='bbox 3457 1887 3589 1941; x_wconf 75' lang='lat' dir='ltr'><strong>quae</strong></span> <span class='ocrx_word' id='word_1_237' title='bbox 3636 1872 3748 1927; x_wconf 89' lang='lat' dir='ltr'><strong>sub</strong></span> <span class='ocrx_word' id='word_1_238' title='bbox 3777 1883 3817 1930; x_wconf 78' lang='grc' dir='ltr'><strong><em>Π</em></strong></span> 
     </span>
    </p>
   </div>
   <div class='ocr_carea' id='block_1_32' title="bbox 519 1962 2106 2034">
    <p class='ocr_par' dir='ltr' id='par_1_32' title="bbox 519 1962 2106 2034">
     <span class='ocr_line' id='line_1_32' title="bbox 519 1962 2106 2034; baseline 0.003 -16"><span class='ocrx_word' id='word_1_239' title='bbox 519 1963 702 2018; x_wconf 89' lang='lat' dir='ltr'><strong>cordis</strong></span> <span class='ocrx_word' id='word_1_240' title='bbox 731 1962 974 2018; x_wconf 87' lang='lat' dir='ltr'><strong>laborem</strong></span> <span class='ocrx_word' id='word_1_241' title='bbox 1005 1978 1194 2029; x_wconf 89' lang='lat' dir='ltr'><strong>suum,</strong></span> <span class='ocrx_word' id='word_1_242' title='bbox 1237 1963 1329 2032; x_wconf 87' lang='lat' dir='ltr'><strong>qui</strong></span> <span class='ocrx_word' id='word_1_243' title='bbox 1377 1972 1526 2019; x_wconf 90' lang='lat' dir='ltr'><strong>recto</strong></span> <span class='ocrx_word' id='word_1_244' title='bbox 1568 1962 1774 2034; x_wconf 90' lang='lat' dir='ltr'><strong>judicio</strong></span> <span class='ocrx_word' id='word_1_245' title='bbox 1820 1967 1945 2022; x_wconf 90' lang='lat' dir='ltr'><strong>inde</strong></span> <span class='ocrx_word' id='word_1_246' title='bbox 1986 1966 2106 2023; x_wconf 88' lang='lat' dir='ltr'><strong>illos</strong></span> 
     </span>
    </p>
   </div>
   <div class='ocr_carea' id='block_1_33' title="bbox 519 2055 2109 2130">
    <p class='ocr_par' dir='ltr' id='par_1_33' title="bbox 519 2055 2109 2130">
     <span class='ocr_line' id='line_1_33' title="bbox 519 2055 2109 2130; baseline 0.006 -22"><span class='ocrx_word' id='word_1_247' title='bbox 519 2062 709 2109; x_wconf 91' lang='lat' dir='ltr'><strong>contra</strong></span> <span class='ocrx_word' id='word_1_248' title='bbox 759 2069 818 2110; x_wconf 92' lang='lat' dir='ltr'><strong>se</strong></span> <span class='ocrx_word' id='word_1_249' title='bbox 860 2055 1091 2126; x_wconf 88' lang='lat' dir='ltr'><strong>superbe</strong></span> <span class='ocrx_word' id='word_1_250' title='bbox 1135 2055 1437 2112; x_wconf 88' lang='lat' dir='ltr'><strong>obstinatos</strong></span> <span class='ocrx_word' id='word_1_251' title='bbox 1477 2057 1747 2113; x_wconf 83' lang='lat' dir='ltr'><strong>exhibuit.</strong></span> <span class='ocrx_word' id='word_1_252' title='bbox 1794 2059 1949 2116; x_wconf 90' lang='lat' dir='ltr'><strong>Unde</strong></span> <span class='ocrx_word' id='word_1_253' title='bbox 1990 2059 2109 2130; x_wconf 88' lang='lat' dir='ltr'><strong>ipse</strong></span> 
     </span>
    </p>
   </div>
   <div class='ocr_carea' id='block_1_34' title="bbox 518 2147 2108 2223">
    <p class='ocr_par' dir='ltr' id='par_1_34' title="bbox 518 2147 2108 2223">
     <span class='ocr_line' id='line_1_34' title="bbox 518 2147 2108 2223; baseline 0.005 -23"><span class='ocrx_word' id='word_1_254' title='bbox 518 2161 620 2218; x_wconf 93' lang='lat' dir='ltr'><strong>pro</strong></span> <span class='ocrx_word' id='word_1_255' title='bbox 692 2147 849 2204; x_wconf 90' lang='lat' dir='ltr'><strong>nobis</strong></span> <span class='ocrx_word' id='word_1_256' title='bbox 912 2148 968 2202; x_wconf 92' lang='lat' dir='ltr'><strong>in</strong></span> <span class='ocrx_word' id='word_1_257' title='bbox 1032 2148 1349 2204; x_wconf 88' lang='lat' dir='ltr'><strong>inﬁrmitate</strong></span> <span class='ocrx_word' id='word_1_258' title='bbox 1416 2149 1700 2205; x_wconf 86' lang='lat' dir='ltr'><strong>laboravit.</strong></span> <span class='ocrx_word' id='word_1_259' title='bbox 1773 2151 2108 2223; x_wconf 82' lang='lat' dir='ltr'><strong>Repulerunt</strong></span> 
     </span>
    </p>
   </div>
   <div class='ocr_carea' id='block_1_35' title="bbox 520 2237 2107 2316">
    <p class='ocr_par' dir='ltr' id='par_1_35' title="bbox 520 2237 2107 2316">
     <span class='ocr_line' id='line_1_35' title="bbox 520 2237 2107 2316; baseline 0.005 -25"><span class='ocrx_word' id='word_1_260' title='bbox 520 2237 721 2308; x_wconf 88' lang='lat' dir='ltr'><strong>quippe</strong></span> <span class='ocrx_word' id='word_1_261' title='bbox 768 2256 800 2294; x_wconf 92' lang='lat' dir='ltr'><strong>a</strong></span> <span class='ocrx_word' id='word_1_262' title='bbox 854 2253 914 2294; x_wconf 91' lang='lat' dir='ltr'><strong>se</strong></span> <span class='ocrx_word' id='word_1_263' title='bbox 958 2240 1124 2296; x_wconf 88' lang='lat' dir='ltr'><strong>verba</strong></span> <span class='ocrx_word' id='word_1_264' title='bbox 1169 2240 1611 2311; x_wconf 65' lang='lat' dir='ltr'><strong>praedicandum,</strong></span> <span class='ocrx_word' id='word_1_265' title='bbox 1660 2242 1786 2312; x_wconf 86' lang='lat' dir='ltr'><strong>quia</strong></span> <span class='ocrx_word' id='word_1_266' title='bbox 1833 2243 2107 2316; x_wconf 89' lang='lat' dir='ltr'><strong>dedignati</strong></span> 
     </span>
    </p>
   </div>
   <div class='ocr_carea' id='block_1_36' title="bbox 522 2333 2112 2410">
    <p class='ocr_par' dir='ltr' id='par_1_36' title="bbox 522 2333 2112 2410">
     <span class='ocr_line' id='line_1_36' title="bbox 522 2333 2112 2410; baseline 0.004 -23"><span class='ocrx_word' id='word_1_267' title='bbox 522 2342 649 2388; x_wconf 91' lang='lat' dir='ltr'><strong>sunt</strong></span> <span class='ocrx_word' id='word_1_268' title='bbox 679 2333 734 2388; x_wconf 91' lang='lat' dir='ltr'><strong>in</strong></span> <span class='ocrx_word' id='word_1_269' title='bbox 763 2334 993 2391; x_wconf 88' lang='lat' dir='ltr'><strong>Domino</strong></span> <span class='ocrx_word' id='word_1_270' title='bbox 1020 2334 1238 2390; x_wconf 84' lang='lat' dir='ltr'><strong>inﬁrma</strong></span> <span class='ocrx_word' id='word_1_271' title='bbox 1267 2336 1602 2406; x_wconf 89' lang='lat' dir='ltr'><strong>passionum.</strong></span> <span class='ocrx_word' id='word_1_272' title='bbox 1645 2335 1914 2393; x_wconf 88' lang='lat' dir='ltr'><strong>Laborem</strong></span> <span class='ocrx_word' id='word_1_273' title='bbox 1945 2338 2112 2410; x_wconf 79' lang='lat' dir='ltr'><strong>igitur</strong></span> 
     </span>
    </p>
   </div>
   <div class='ocr_carea' id='block_1_37' title="bbox 521 2423 2115 2484">
    <p class='ocr_par' dir='ltr' id='par_1_37' title="bbox 521 2423 2115 2484">
     <span class='ocr_line' id='line_1_37' title="bbox 521 2423 2115 2484; baseline 0.003 -6"><span class='ocrx_word' id='word_1_274' title='bbox 521 2423 738 2480; x_wconf 93' lang='lat' dir='ltr'><strong>Domini</strong></span> <span class='ocrx_word' id='word_1_275' title='bbox 768 2433 955 2480; x_wconf 89' lang='lat' dir='ltr'><strong>contra</strong></span> <span class='ocrx_word' id='word_1_276' title='bbox 974 2426 1227 2482; x_wconf 91' lang='lat' dir='ltr'><strong>eumdem</strong></span> <span class='ocrx_word' id='word_1_277' title='bbox 1250 2425 1538 2482; x_wconf 89' lang='lat' dir='ltr'><strong>Dominum</strong></span> <span class='ocrx_word' id='word_1_278' title='bbox 1571 2434 1784 2482; x_wconf 89' lang='lat' dir='ltr'><strong>scutum</strong></span> <span class='ocrx_word' id='word_1_279' title='bbox 1812 2427 1994 2484; x_wconf 88' lang='lat' dir='ltr'><strong>cordis</strong></span> <span class='ocrx_word' id='word_1_280' title='bbox 2019 2428 2115 2483; x_wconf 84' lang='lat' dir='ltr'><strong>ha-</strong></span> 
     </span>
    </p>
   </div>
   <div class='ocr_carea' id='block_1_38' title="bbox 519 2513 2118 2588">
    <p class='ocr_par' dir='ltr' id='par_1_38' title="bbox 519 2513 2118 2588">
     <span class='ocr_line' id='line_1_38' title="bbox 519 2513 2118 2588; baseline 0.001 -18"><span class='ocrx_word' id='word_1_281' title='bbox 519 2513 792 2582; x_wconf 88' lang='lat' dir='ltr'><strong>buerunt,</strong></span> <span class='ocrx_word' id='word_1_282' title='bbox 826 2515 920 2586; x_wconf 92' lang='lat' dir='ltr'><strong>qui</strong></span> <span class='ocrx_word' id='word_1_283' title='bbox 950 2516 1184 2587; x_wconf 91' lang='lat' dir='ltr'><strong>superba</strong></span> <span class='ocrx_word' id='word_1_284' title='bbox 1216 2515 1553 2586; x_wconf 87' lang='lat' dir='ltr'><strong>sapientibus</strong></span> <span class='ocrx_word' id='word_1_285' title='bbox 1582 2530 1648 2571; x_wconf 91' lang='lat' dir='ltr'><strong>eo</strong></span> <span class='ocrx_word' id='word_1_286' title='bbox 1677 2516 1983 2587; x_wconf 90' lang='lat' dir='ltr'><strong>despectius</strong></span> <span class='ocrx_word' id='word_1_287' title='bbox 2022 2531 2118 2588; x_wconf 87' lang='lat' dir='ltr'><strong>ap—</strong></span> 
     </span>
    </p>
   </div>
   <div class='ocr_carea' id='block_1_39' title="bbox 521 2605 2115 2680">
    <p class='ocr_par' dir='ltr' id='par_1_39' title="bbox 521 2605 2115 2680">
     <span class='ocr_line' id='line_1_39' title="bbox 521 2605 2115 2680; baseline 0 -18"><span class='ocrx_word' id='word_1_288' title='bbox 521 2609 735 2680; x_wconf 88' lang='lat' dir='ltr'><strong>paruit,</strong></span> <span class='ocrx_word' id='word_1_289' title='bbox 776 2623 885 2678; x_wconf 93' lang='lat' dir='ltr'><strong>quo</strong></span> <span class='ocrx_word' id='word_1_290' title='bbox 925 2616 1148 2680; x_wconf 90' lang='lat' dir='ltr'><strong>propter</strong></span> <span class='ocrx_word' id='word_1_291' title='bbox 1183 2622 1278 2663; x_wconf 92' lang='lat' dir='ltr'><strong>eos</strong></span> <span class='ocrx_word' id='word_1_292' title='bbox 1323 2607 1542 2663; x_wconf 88' lang='lat' dir='ltr'><strong>humilis</strong></span> <span class='ocrx_word' id='word_1_293' title='bbox 1570 2605 1691 2662; x_wconf 81' lang='lat' dir='ltr'><strong>fuit.</strong></span> <span class='ocrx_word' id='word_1_294' title='bbox 1725 2606 1839 2663; x_wconf 86' lang='lat' dir='ltr'><strong>Hoc</strong></span> <span class='ocrx_word' id='word_1_295' title='bbox 1869 2614 2115 2675; x_wconf 91' lang='lat' dir='ltr'><strong>scutum,</strong></span> 
     </span>
    </p>
   </div>
   <div class='ocr_carea' id='block_1_40' title="bbox 525 2697 2118 2770">
    <p class='ocr_par' dir='ltr' id='par_1_40' title="bbox 525 2697 2118 2770">
     <span class='ocr_line' id='line_1_40' title="bbox 525 2697 2118 2770; baseline 0.001 -18"><span class='ocrx_word' id='word_1_296' title='bbox 525 2698 668 2753; x_wconf 87' lang='lat' dir='ltr'><strong>sicut</strong></span> <span class='ocrx_word' id='word_1_297' title='bbox 690 2698 802 2770; x_wconf 90' lang='lat' dir='ltr'><strong>jam</strong></span> <span class='ocrx_word' id='word_1_298' title='bbox 833 2707 889 2754; x_wconf 89' lang='lat' dir='ltr'><strong>et</strong></span> <span class='ocrx_word' id='word_1_299' title='bbox 927 2699 1179 2769; x_wconf 87' lang='lat' dir='ltr'><strong>superius</strong></span> <span class='ocrx_word' id='word_1_300' title='bbox 1220 2698 1492 2764; x_wconf 85' lang='lat' dir='ltr'><strong>diximus,</strong></span> <span class='ocrx_word' id='word_1_301' title='bbox 1544 2699 1697 2768; x_wconf 90' lang='lat' dir='ltr'><strong>prius</strong></span> <span class='ocrx_word' id='word_1_302' title='bbox 1736 2697 1826 2754; x_wconf 90' lang='lat' dir='ltr'><strong>ille</strong></span> <span class='ocrx_word' id='word_1_303' title='bbox 1861 2707 2118 2770; x_wconf 86' lang='lat' dir='ltr'><strong>peccator</strong></span> 
     </span>
    </p>
   </div>
   <div class='ocr_carea' id='block_1_41' title="bbox 526 2788 2114 2860">
    <p class='ocr_par' dir='ltr' id='par_1_41' title="bbox 526 2788 2114 2860">
     <span class='ocr_line' id='line_1_41' title="bbox 526 2788 2114 2860; baseline -0.001 -16"><span class='ocrx_word' id='word_1_304' title='bbox 526 2789 730 2855; x_wconf 89' lang='lat' dir='ltr'><strong>tenuit,</strong></span> <span class='ocrx_word' id='word_1_305' title='bbox 771 2789 863 2859; x_wconf 89' lang='lat' dir='ltr'><strong>qui</strong></span> <span class='ocrx_word' id='word_1_306' title='bbox 893 2790 1206 2860; x_wconf 86' lang='lat' dir='ltr'><strong>requirente</strong></span> <span class='ocrx_word' id='word_1_307' title='bbox 1237 2789 1466 2845; x_wconf 89' lang='lat' dir='ltr'><strong>Domino</strong></span> <span class='ocrx_word' id='word_1_308' title='bbox 1503 2803 1603 2844; x_wconf 93' lang='lat' dir='ltr'><strong>cur</strong></span> <span class='ocrx_word' id='word_1_309' title='bbox 1639 2788 1844 2859; x_wconf 77' lang='lat' dir='ltr'><strong>lignum</strong></span> <span class='ocrx_word' id='word_1_310' title='bbox 1883 2789 2114 2845; x_wconf 88' lang='lat' dir='ltr'><strong>vetitum</strong></span> 
     </span>
    </p>
   </div>
   <div class='ocr_carea' id='block_1_42' title="bbox 527 2877 2115 2950">
    <p class='ocr_par' dir='ltr' id='par_1_42' title="bbox 527 2877 2115 2950">
     <span class='ocr_line' id='line_1_42' title="bbox 527 2877 2115 2950; baseline 0 -17"><span class='ocrx_word' id='word_1_311' title='bbox 527 2878 876 2950; x_wconf 73' lang='lat' dir='ltr'><strong>contigisset,</strong></span> <span class='ocrx_word' id='word_1_312' title='bbox 925 2893 1037 2934; x_wconf 87' lang='lat' dir='ltr'><strong>non</strong></span> <span class='ocrx_word' id='word_1_313' title='bbox 1085 2877 1154 2933; x_wconf 91' lang='lat' dir='ltr'><strong>ad</strong></span> <span class='ocrx_word' id='word_1_314' title='bbox 1199 2893 1260 2934; x_wconf 89' lang='lat' dir='ltr'><strong>se</strong></span> <span class='ocrx_word' id='word_1_315' title='bbox 1304 2879 1515 2949; x_wconf 91' lang='lat' dir='ltr'><strong>culpam</strong></span> <span class='ocrx_word' id='word_1_316' title='bbox 1564 2878 1782 2943; x_wconf 90' lang='lat' dir='ltr'><strong>retulit,</strong></span> <span class='ocrx_word' id='word_1_317' title='bbox 1810 2877 1905 2932; x_wconf 91' lang='lat' dir='ltr'><strong>sed</strong></span> <span class='ocrx_word' id='word_1_318' title='bbox 1935 2893 1966 2931; x_wconf 92' lang='lat' dir='ltr'><strong>a</strong></span> <span class='ocrx_word' id='word_1_319' title='bbox 1995 2893 2115 2934; x_wconf 91' lang='lat' dir='ltr'><strong>mu-</strong></span> 
     </span>
    </p>
   </div>
   <div class='ocr_carea' id='block_1_43' title="bbox 523 2969 2116 3044">
    <p class='ocr_par' dir='ltr' id='par_1_43' title="bbox 523 2969 2116 3044">
     <span class='ocr_line' id='line_1_43' title="bbox 523 2969 2116 3044; baseline 0.002 -21"><span class='ocrx_word' id='word_1_320' title='bbox 523 2969 658 3025; x_wconf 90' lang='lat' dir='ltr'><strong>liere</strong></span> <span class='ocrx_word' id='word_1_321' title='bbox 686 2985 848 3040; x_wconf 88' lang='lat' dir='ltr'><strong>quam</strong></span> <span class='ocrx_word' id='word_1_322' title='bbox 879 2970 1140 3026; x_wconf 87' lang='lat' dir='ltr'><strong>Dominus</strong></span> <span class='ocrx_word' id='word_1_323' title='bbox 1171 2972 1220 3026; x_wconf 92' lang='lat' dir='ltr'><strong>ei</strong></span> <span class='ocrx_word' id='word_1_324' title='bbox 1251 2971 1473 3027; x_wconf 90' lang='lat' dir='ltr'><strong>dederat</strong></span> <span class='ocrx_word' id='word_1_325' title='bbox 1501 2986 1560 3026; x_wconf 87' lang='lat' dir='ltr'><strong>se</strong></span> <span class='ocrx_word' id='word_1_326' title='bbox 1589 2973 1862 3044; x_wconf 89' lang='lat' dir='ltr'><strong>accepisse</strong></span> <span class='ocrx_word' id='word_1_327' title='bbox 1892 2986 2116 3043; x_wconf 88' lang='lat' dir='ltr'><strong>respon-</strong></span> 
     </span>
    </p>
   </div>
   <div class='ocr_carea' id='block_1_44' title="bbox 527 3059 2118 3132">
    <p class='ocr_par' dir='ltr' id='par_1_44' title="bbox 527 3059 2118 3132">
     <span class='ocr_line' id='line_1_44' title="bbox 527 3059 2118 3132; baseline 0.003 -20"><span class='ocrx_word' id='word_1_328' title='bbox 527 3059 635 3124; x_wconf 86' lang='lat' dir='ltr'><strong>dit,</strong></span> <span class='ocrx_word' id='word_1_329' title='bbox 664 3068 724 3113; x_wconf 92' lang='lat' dir='ltr'><strong>ut</strong></span> <span class='ocrx_word' id='word_1_330' title='bbox 751 3062 909 3129; x_wconf 90' lang='lat' dir='ltr'><strong>quasi</strong></span> <span class='ocrx_word' id='word_1_331' title='bbox 937 3069 1149 3115; x_wconf 90' lang='lat' dir='ltr'><strong>reatum</strong></span> <span class='ocrx_word' id='word_1_332' title='bbox 1179 3074 1336 3116; x_wconf 90' lang='lat' dir='ltr'><strong>suum</strong></span> <span class='ocrx_word' id='word_1_333' title='bbox 1365 3061 1583 3132; x_wconf 91' lang='lat' dir='ltr'><strong>oblique</strong></span> <span class='ocrx_word' id='word_1_334' title='bbox 1612 3063 1668 3117; x_wconf 93' lang='lat' dir='ltr'><strong>in</strong></span> <span class='ocrx_word' id='word_1_335' title='bbox 1692 3072 1972 3118; x_wconf 91' lang='lat' dir='ltr'><strong>auctorem</strong></span> <span class='ocrx_word' id='word_1_336' title='bbox 1990 3062 2118 3116; x_wconf 88' lang='lat' dir='ltr'><strong>reli-</strong></span> 
     </span>
    </p>
   </div>
   <div class='ocr_carea' id='block_1_45' title="bbox 2213 1962 3812 2036">
    <p class='ocr_par' dir='ltr' id='par_1_45' title="bbox 2213 1962 3812 2036">
     <span class='ocr_line' id='line_1_45' title="bbox 2213 1962 3812 2036; baseline -0.003 -15"><span class='ocrx_word' id='word_1_337' title='bbox 2213 1966 2388 2022; x_wconf 90' lang='lat' dir='ltr'><strong>littera</strong></span> <span class='ocrx_word' id='word_1_338' title='bbox 2427 1972 2745 2036; x_wconf 75' lang='lat' dir='ltr'><strong>pramotatae</strong></span> <span class='ocrx_word' id='word_1_339' title='bbox 2787 1972 2951 2031; x_wconf 90' lang='lat' dir='ltr'><strong>sunt,</strong></span> <span class='ocrx_word' id='word_1_340' title='bbox 2995 1963 3326 2034; x_wconf 89' lang='lat' dir='ltr'><strong>respondent</strong></span> <span class='ocrx_word' id='word_1_341' title='bbox 3355 1962 3423 2016; x_wconf 90' lang='lat' dir='ltr'><strong>ad</strong></span> <span class='ocrx_word' id='word_1_342' title='bbox 3453 1962 3812 2033; x_wconf 85' lang='lat' dir='ltr'><strong>superiores,</strong></span> 
     </span>
    </p>
   </div>
   <div class='ocr_carea' id='block_1_46' title="bbox 2215 2051 3818 2128">
    <p class='ocr_par' dir='ltr' id='par_1_46' title="bbox 2215 2051 3818 2128">
     <span class='ocr_line' id='line_1_46' title="bbox 2215 2051 3818 2128; baseline -0.003 -17"><span class='ocrx_word' id='word_1_343' title='bbox 2215 2055 2410 2128; x_wconf 86' lang='lat' dir='ltr'><strong>quibus</strong></span> <span class='ocrx_word' id='word_1_344' title='bbox 2438 2056 2779 2125; x_wconf 89' lang='lat' dir='ltr'><strong>iniquitatem</strong></span> <span class='ocrx_word' id='word_1_345' title='bbox 2827 2053 3135 2109; x_wconf 63' lang='lat' dir='ltr'><strong>Judreorum</strong></span> <span class='ocrx_word' id='word_1_346' title='bbox 3184 2061 3239 2108; x_wconf 94' lang='lat' dir='ltr'><strong>et</strong></span> <span class='ocrx_word' id='word_1_347' title='bbox 3281 2051 3532 2108; x_wconf 85' lang='lat' dir='ltr'><strong>dolosam</strong></span> <span class='ocrx_word' id='word_1_348' title='bbox 3578 2053 3818 2106; x_wconf 82' lang='lat' dir='ltr'><strong>medita-</strong></span> 
     </span>
    </p>
   </div>
   <div class='ocr_carea' id='block_1_47' title="bbox 2215 2143 3820 2218">
    <p class='ocr_par' dir='ltr' id='par_1_47' title="bbox 2215 2143 3820 2218">
     <span class='ocr_line' id='line_1_47' title="bbox 2215 2143 3820 2218; baseline -0.003 -15"><span class='ocrx_word' id='word_1_349' title='bbox 2215 2149 2416 2205; x_wconf 91' lang='lat' dir='ltr'><strong>tionem</strong></span> <span class='ocrx_word' id='word_1_350' title='bbox 2447 2155 2812 2218; x_wconf 85' lang='lat' dir='ltr'><strong>expresserat,</strong></span> <span class='ocrx_word' id='word_1_351' title='bbox 2837 2145 3131 2202; x_wconf 85' lang='lat' dir='ltr'><strong>ostendens</strong></span> <span class='ocrx_word' id='word_1_352' title='bbox 3160 2145 3288 2215; x_wconf 90' lang='lat' dir='ltr'><strong>quid</strong></span> <span class='ocrx_word' id='word_1_353' title='bbox 3317 2143 3653 2205; x_wconf 84' lang='lat' dir='ltr'><strong>meruerint,</strong></span> <span class='ocrx_word' id='word_1_354' title='bbox 3687 2159 3820 2213; x_wconf 87' lang='lat' dir='ltr'><strong>quo-</strong></span> 
     </span>
    </p>
   </div>
   <div class='ocr_carea' id='block_1_48' title="bbox 2214 2239 3815 2311">
    <p class='ocr_par' dir='ltr' id='par_1_48' title="bbox 2214 2239 3815 2311">
     <span class='ocr_line' id='line_1_48' title="bbox 2214 2239 3815 2311; baseline -0.002 -14"><span class='ocrx_word' id='word_1_355' title='bbox 2214 2243 2361 2297; x_wconf 89' lang='lat' dir='ltr'><strong>niam</strong></span> <span class='ocrx_word' id='word_1_356' title='bbox 2416 2243 2470 2296; x_wconf 93' lang='lat' dir='ltr'><strong>in</strong></span> <span class='ocrx_word' id='word_1_357' title='bbox 2522 2240 2707 2296; x_wconf 80' lang='lat' dir='ltr'><strong>furore</strong></span> <span class='ocrx_word' id='word_1_358' title='bbox 2759 2240 2942 2295; x_wconf 90' lang='lat' dir='ltr'><strong>divino</strong></span> <span class='ocrx_word' id='word_1_359' title='bbox 2987 2239 3193 2311; x_wconf 89' lang='lat' dir='ltr'><strong>judicio</strong></span> <span class='ocrx_word' id='word_1_360' title='bbox 3243 2239 3576 2309; x_wconf 87' lang='lat' dir='ltr'><strong>disponente</strong></span> <span class='ocrx_word' id='word_1_361' title='bbox 3626 2239 3815 2294; x_wconf 59' lang='lat' dir='ltr'><strong>hosta</strong></span> 
     </span>
    </p>
   </div>
   <div class='ocr_carea' id='block_1_49' title="bbox 2215 2327 3817 2401">
    <p class='ocr_par' dir='ltr' id='par_1_49' title="bbox 2215 2327 3817 2401">
     <span class='ocr_line' id='line_1_49' title="bbox 2215 2327 3817 2401; baseline -0.002 -14"><span class='ocrx_word' id='word_1_362' title='bbox 2215 2346 2406 2387; x_wconf 85' lang='lat' dir='ltr'><strong>eorum</strong></span> <span class='ocrx_word' id='word_1_363' title='bbox 2433 2330 2554 2387; x_wconf 91' lang='lat' dir='ltr'><strong>illos</strong></span> <span class='ocrx_word' id='word_1_364' title='bbox 2580 2331 2851 2401; x_wconf 89' lang='lat' dir='ltr'><strong>persecuti</strong></span> <span class='ocrx_word' id='word_1_365' title='bbox 2881 2337 3027 2395; x_wconf 91' lang='lat' dir='ltr'><strong>sunt,</strong></span> <span class='ocrx_word' id='word_1_366' title='bbox 3056 2337 3111 2385; x_wconf 92' lang='lat' dir='ltr'><strong>et</strong></span> <span class='ocrx_word' id='word_1_367' title='bbox 3138 2329 3194 2384; x_wconf 92' lang='lat' dir='ltr'><strong>in</strong></span> <span class='ocrx_word' id='word_1_368' title='bbox 3222 2329 3480 2400; x_wconf 68' lang='lat' dir='ltr'><strong>praesenti</strong></span> <span class='ocrx_word' id='word_1_369' title='bbox 3503 2327 3631 2384; x_wconf 81' lang='lat' dir='ltr'><strong>vita</strong></span> <span class='ocrx_word' id='word_1_370' title='bbox 3667 2327 3817 2383; x_wconf 83' lang='lat' dir='ltr'><strong>forti-</strong></span> 
     </span>
    </p>
   </div>
   <div class='ocr_carea' id='block_1_50' title="bbox 2218 2421 3816 2491">
    <p class='ocr_par' dir='ltr' id='par_1_50' title="bbox 2218 2421 3816 2491">
     <span class='ocr_line' id='line_1_50' title="bbox 2218 2421 3816 2491; baseline -0.001 -15"><span class='ocrx_word' id='word_1_371' title='bbox 2218 2428 2302 2476; x_wconf 90' lang='lat' dir='ltr'><strong>ter</strong></span> <span class='ocrx_word' id='word_1_372' title='bbox 2329 2421 2733 2486; x_wconf 89' lang='lat' dir='ltr'><strong>contriverunt,</strong></span> <span class='ocrx_word' id='word_1_373' title='bbox 2767 2421 2845 2476; x_wconf 91' lang='lat' dir='ltr'><strong>ita</strong></span> <span class='ocrx_word' id='word_1_374' title='bbox 2872 2428 2934 2475; x_wconf 94' lang='lat' dir='ltr'><strong>ut</strong></span> <span class='ocrx_word' id='word_1_375' title='bbox 2971 2421 3236 2476; x_wconf 90' lang='lat' dir='ltr'><strong>hactenus</strong></span> <span class='ocrx_word' id='word_1_376' title='bbox 3268 2434 3367 2491; x_wconf 93' lang='lat' dir='ltr'><strong>per</strong></span> <span class='ocrx_word' id='word_1_377' title='bbox 3404 2428 3587 2475; x_wconf 87' lang='lat' dir='ltr'><strong>totum</strong></span> <span class='ocrx_word' id='word_1_378' title='bbox 3627 2422 3816 2476; x_wconf 74' lang='lat' dir='ltr'><strong>orbem</strong></span> 
     </span>
    </p>
   </div>
   <div class='ocr_carea' id='block_1_51' title="bbox 2218 2509 3816 2582">
    <p class='ocr_par' dir='ltr' id='par_1_51' title="bbox 2218 2509 3816 2582">
     <span class='ocr_line' id='line_1_51' title="bbox 2218 2509 3816 2582; baseline 0 -17"><span class='ocrx_word' id='word_1_379' title='bbox 2218 2509 2484 2581; x_wconf 88' lang='lat' dir='ltr'><strong>dispersi,</strong></span> <span class='ocrx_word' id='word_1_380' title='bbox 2541 2509 2744 2565; x_wconf 91' lang='lat' dir='ltr'><strong>malum</strong></span> <span class='ocrx_word' id='word_1_381' title='bbox 2793 2509 2969 2566; x_wconf 88' lang='lat' dir='ltr'><strong>exsilii</strong></span> <span class='ocrx_word' id='word_1_382' title='bbox 3019 2510 3316 2582; x_wconf 87' lang='lat' dir='ltr'><strong>patiantur,</strong></span> <span class='ocrx_word' id='word_1_383' title='bbox 3377 2510 3645 2566; x_wconf 87' lang='lat' dir='ltr'><strong>sedentes</strong></span> <span class='ocrx_word' id='word_1_384' title='bbox 3705 2511 3816 2567; x_wconf 70' lang='lat' dir='ltr'><strong>sine</strong></span> 
     </span>
    </p>
   </div>
   <div class='ocr_carea' id='block_1_52' title="bbox 2218 2601 3816 2674">
    <p class='ocr_par' dir='ltr' id='par_1_52' title="bbox 2218 2601 3816 2674">
     <span class='ocr_line' id='line_1_52' title="bbox 2218 2601 3816 2674; baseline -0.001 -17"><span class='ocrx_word' id='word_1_385' title='bbox 2218 2617 2346 2674; x_wconf 89' lang='lat' dir='ltr'><strong>rege</strong></span> <span class='ocrx_word' id='word_1_386' title='bbox 2386 2618 2452 2658; x_wconf 93' lang='lat' dir='ltr'><strong>ac</strong></span> <span class='ocrx_word' id='word_1_387' title='bbox 2489 2602 2795 2658; x_wconf 87' lang='lat' dir='ltr'><strong>sacerdotio</strong></span> <span class='ocrx_word' id='word_1_388' title='bbox 2837 2601 3037 2674; x_wconf 88' lang='lat' dir='ltr'><strong>regali,</strong></span> <span class='ocrx_word' id='word_1_389' title='bbox 3083 2610 3139 2667; x_wconf 73' lang='lat' dir='ltr'><strong>et</strong></span> <span class='ocrx_word' id='word_1_390' title='bbox 3177 2602 3296 2656; x_wconf 88' lang='lat' dir='ltr'><strong>sine</strong></span> <span class='ocrx_word' id='word_1_391' title='bbox 3333 2602 3539 2673; x_wconf 89' lang='lat' dir='ltr'><strong>templo</strong></span> <span class='ocrx_word' id='word_1_392' title='bbox 3567 2643 3586 2669; x_wconf 94' lang='lat'><strong>,</strong></span> <span class='ocrx_word' id='word_1_393' title='bbox 3618 2612 3677 2658; x_wconf 92' lang='lat' dir='ltr'><strong>et</strong></span> <span class='ocrx_word' id='word_1_394' title='bbox 3704 2604 3816 2658; x_wconf 86' lang='lat' dir='ltr'><strong>sine</strong></span> 
     </span>
    </p>
   </div>
   <div class='ocr_carea' id='block_1_53' title="bbox 2221 2691 3811 2764">
    <p class='ocr_par' dir='ltr' id='par_1_53' title="bbox 2221 2691 3811 2764">
     <span class='ocr_line' id='line_1_53' title="bbox 2221 2691 3811 2764; baseline -0.003 -14"><span class='ocrx_word' id='word_1_395' title='bbox 2221 2693 2369 2750; x_wconf 90' lang='lat' dir='ltr'><strong>cultu</strong></span> <span class='ocrx_word' id='word_1_396' title='bbox 2395 2694 2635 2764; x_wconf 89' lang='lat' dir='ltr'><strong>pietatis.</strong></span> <span class='ocrx_word' id='word_1_397' title='bbox 2679 2692 2778 2760; x_wconf 85' lang='lat' dir='ltr'><strong>Qui</strong></span> <span class='ocrx_word' id='word_1_398' title='bbox 2823 2701 3008 2748; x_wconf 90' lang='lat' dir='ltr'><strong>autem</strong></span> <span class='ocrx_word' id='word_1_399' title='bbox 3047 2694 3116 2748; x_wconf 84' lang='lat' dir='ltr'><strong>ad</strong></span> <span class='ocrx_word' id='word_1_400' title='bbox 3155 2691 3430 2748; x_wconf 87' lang='lat' dir='ltr'><strong>Christum</strong></span> <span class='ocrx_word' id='word_1_401' title='bbox 3476 2701 3811 2747; x_wconf 80' lang='lat' dir='ltr'><strong>convertun-</strong></span> 
     </span>
    </p>
   </div>
   <div class='ocr_carea' id='block_1_54' title="bbox 2220 2782 3813 2856">
    <p class='ocr_par' dir='ltr' id='par_1_54' title="bbox 2220 2782 3813 2856">
     <span class='ocr_line' id='line_1_54' title="bbox 2220 2782 3813 2856; baseline -0.003 -17"><span class='ocrx_word' id='word_1_402' title='bbox 2220 2792 2330 2851; x_wconf 89' lang='lat' dir='ltr'><strong>tur,</strong></span> <span class='ocrx_word' id='word_1_403' title='bbox 2361 2784 2780 2856; x_wconf 88' lang='lat' dir='ltr'><strong>promissionem</strong></span> <span class='ocrx_word' id='word_1_404' title='bbox 2809 2783 2956 2838; x_wconf 91' lang='lat' dir='ltr'><strong>illam</strong></span> <span class='ocrx_word' id='word_1_405' title='bbox 2985 2799 3104 2853; x_wconf 72' lang='lat' dir='ltr'><strong>qua:</strong></span> <span class='ocrx_word' id='word_1_406' title='bbox 3130 2783 3199 2837; x_wconf 90' lang='lat' dir='ltr'><strong>ad</strong></span> <span class='ocrx_word' id='word_1_407' title='bbox 3227 2791 3414 2853; x_wconf 90' lang='lat' dir='ltr'><strong>patres</strong></span> <span class='ocrx_word' id='word_1_408' title='bbox 3441 2797 3644 2838; x_wconf 87' lang='lat' dir='ltr'><strong>eorum</strong></span> <span class='ocrx_word' id='word_1_409' title='bbox 3677 2782 3813 2837; x_wconf 80' lang='lat' dir='ltr'><strong>facta</strong></span> 
     </span>
    </p>
   </div>
   <div class='ocr_carea' id='block_1_55' title="bbox 2220 2873 3817 2945">
    <p class='ocr_par' dir='ltr' id='par_1_55' title="bbox 2220 2873 3817 2945">
     <span class='ocr_line' id='line_1_55' title="bbox 2220 2873 3817 2945; baseline -0.003 -15"><span class='ocrx_word' id='word_1_410' title='bbox 2220 2886 2305 2930; x_wconf 90' lang='lat' dir='ltr'><strong>est</strong></span> <span class='ocrx_word' id='word_1_411' title='bbox 2332 2873 3090 2945; x_wconf 67' lang='lat' dir='ltr'><strong>spiritaliter.hazreditabunt.</strong></span> <span class='ocrx_word' id='word_1_412' title='bbox 3126 2873 3366 2943; x_wconf 91' lang='lat' dir='ltr'><strong>Denique</strong></span> <span class='ocrx_word' id='word_1_413' title='bbox 3408 2873 3593 2929; x_wconf 90' lang='lat' dir='ltr'><strong>tribus</strong></span> <span class='ocrx_word' id='word_1_414' title='bbox 3635 2874 3817 2944; x_wconf 82' lang='lat' dir='ltr'><strong>alpha-</strong></span> 
     </span>
    </p>
   </div>
   <div class='ocr_carea' id='block_1_56' title="bbox 2220 2962 3816 3036">
    <p class='ocr_par' dir='ltr' id='par_1_56' title="bbox 2220 2962 3816 3036">
     <span class='ocr_line' id='line_1_56' title="bbox 2220 2962 3816 3036; baseline -0.004 -12"><span class='ocrx_word' id='word_1_415' title='bbox 2220 2967 2363 3024; x_wconf 90' lang='lat' dir='ltr'><strong>betis</strong></span> <span class='ocrx_word' id='word_1_416' title='bbox 2403 2967 2812 3031; x_wconf 89' lang='lat' dir='ltr'><strong>consummatis,</strong></span> <span class='ocrx_word' id='word_1_417' title='bbox 2854 2965 3050 3036; x_wconf 91' lang='lat' dir='ltr'><strong>quibus</strong></span> <span class='ocrx_word' id='word_1_418' title='bbox 3089 2963 3417 3019; x_wconf 91' lang='lat' dir='ltr'><strong>anteriorem</strong></span> <span class='ocrx_word' id='word_1_419' title='bbox 3460 2972 3680 3034; x_wconf 75' lang='lat' dir='ltr'><strong>partem</strong></span> <span class='ocrx_word' id='word_1_420' title='bbox 3723 2962 3816 3017; x_wconf 81' lang='lat' dir='ltr'><strong>La-</strong></span> 
     </span>
    </p>
   </div>
   <div class='ocr_carea' id='block_1_57' title="bbox 2225 3055 3814 3131">
    <p class='ocr_par' dir='ltr' id='par_1_57' title="bbox 2225 3055 3814 3131">
     <span class='ocr_line' id='line_1_57' title="bbox 2225 3055 3814 3131; baseline -0.005 -15"><span class='ocrx_word' id='word_1_421' title='bbox 2225 3060 2572 3117; x_wconf 89' lang='lat' dir='ltr'><strong>mentationis</strong></span> <span class='ocrx_word' id='word_1_422' title='bbox 2596 3059 2862 3131; x_wconf 89' lang='lat' dir='ltr'><strong>propheta</strong></span> <span class='ocrx_word' id='word_1_423' title='bbox 2889 3058 3206 3130; x_wconf 82' lang='lat' dir='ltr'><strong>explicavit,</strong></span> <span class='ocrx_word' id='word_1_424' title='bbox 3233 3056 3346 3128; x_wconf 88' lang='lat' dir='ltr'><strong>jam</strong></span> <span class='ocrx_word' id='word_1_425' title='bbox 3374 3055 3506 3126; x_wconf 88' lang='lat' dir='ltr'><strong>quid</strong></span> <span class='ocrx_word' id='word_1_426' title='bbox 3533 3056 3592 3111; x_wconf 92' lang='lat' dir='ltr'><strong>in</strong></span> <span class='ocrx_word' id='word_1_427' title='bbox 3621 3063 3814 3125; x_wconf 75' lang='lat' dir='ltr'><strong>quarto</strong></span> 
     </span>
    </p>
   </div>
   <div class='ocr_carea' id='block_1_58' title="bbox 528 3145 3076 3224">
    <p class='ocr_par' dir='ltr' id='par_1_58' title="bbox 528 3145 3076 3224">
     <span class='ocr_line' id='line_1_58' title="bbox 528 3145 3076 3224; baseline 0 -19"><span class='ocrx_word' id='word_1_428' title='bbox 528 3150 712 3216; x_wconf 76' lang='lat' dir='ltr'><strong>deret,</strong></span> <span class='ocrx_word' id='word_1_429' title='bbox 743 3151 837 3221; x_wconf 90' lang='lat' dir='ltr'><strong>qui</strong></span> <span class='ocrx_word' id='word_1_430' title='bbox 865 3153 916 3206; x_wconf 93' lang='lat' dir='ltr'><strong>ei</strong></span> <span class='ocrx_word' id='word_1_431' title='bbox 944 3152 1226 3207; x_wconf 89' lang='lat' dir='ltr'><strong>mulierem</strong></span> <span class='ocrx_word' id='word_1_432' title='bbox 1257 3152 1480 3207; x_wconf 90' lang='lat' dir='ltr'><strong>dederat</strong></span> <span class='ocrx_word' id='word_1_433' title='bbox 1507 3168 1629 3224; x_wconf 77' lang='lat' dir='ltr'><strong>quae</strong></span> <span class='ocrx_word' id='word_1_434' title='bbox 1667 3153 1794 3208; x_wconf 89' lang='lat' dir='ltr'><strong>talia</strong></span> <span class='ocrx_word' id='word_1_435' title='bbox 1823 3151 2118 3223; x_wconf 82' lang='lat' dir='ltr'><strong>persuade-</strong></span> <span class='ocrx_word' id='word_1_436' title='bbox 2147 3145 2193 3208; x_wconf 91' lang='lat' dir='ltr'><strong>C</strong></span> <span class='ocrx_word' id='word_1_437' title='bbox 2225 3153 2464 3208; x_wconf 90' lang='lat' dir='ltr'><strong>insinuet</strong></span> <span class='ocrx_word' id='word_1_438' title='bbox 2489 3151 2944 3208; x_wconf 90' lang='lat' dir='ltr'><strong>considerandum</strong></span> <span class='ocrx_word' id='word_1_439' title='bbox 2973 3160 3076 3207; x_wconf 91' lang='lat' dir='ltr'><strong>est.</strong></span> 
     </span>
    </p>
   </div>
   <div class='ocr_carea' id='block_1_59' title="bbox 1699 3438 2656 3523">
    <p class='ocr_par' dir='ltr' id='par_1_59' title="bbox 1699 3438 2656 3523">
     <span class='ocr_line' id='line_1_59' title="bbox 1699 3438 2656 3523; baseline 0.001 -5"><span class='ocrx_word' id='word_1_440' title='bbox 1699 3438 2006 3520; x_wconf 82' lang='lat' dir='ltr'><strong>LIBER</strong></span> <span class='ocrx_word' id='word_1_441' title='bbox 2055 3438 2656 3523; x_wconf 82' lang='lat' dir='ltr'><strong>VIGESIMUS.</strong></span> 
     </span>
    </p>
   </div>
   <div class='ocr_carea' id='block_1_60' title="bbox 596 3825 2120 3902">
    <p class='ocr_par' dir='ltr' id='par_1_60' title="bbox 596 3825 2120 3902">
     <span class='ocr_line' id='line_1_60' title="bbox 596 3825 2120 3902; baseline 0.002 -19"><span class='ocrx_word' id='word_1_442' title='bbox 596 3826 869 3902; x_wconf 74' lang='grc' dir='ltr'><strong>(Ηὶενοη.)</strong></span> <span class='ocrx_word' id='word_1_443' title='bbox 885 3827 1178 3883; x_wconf 88' lang='lat' dir='ltr'><strong>Extremus</strong></span> <span class='ocrx_word' id='word_1_444' title='bbox 1191 3826 1332 3883; x_wconf 85' lang='lat' dir='ltr'><strong>liber</strong></span> <span class='ocrx_word' id='word_1_445' title='bbox 1352 3825 1601 3886; x_wconf 80' lang='lat' dir='ltr'><strong>Jeremiae</strong></span> <span class='ocrx_word' id='word_1_446' title='bbox 1622 3829 1964 3886; x_wconf 88' lang='lat' dir='ltr'><strong>inchoandus</strong></span> <span class='ocrx_word' id='word_1_447' title='bbox 1983 3836 2068 3886; x_wconf 89' lang='lat' dir='ltr'><strong>est</strong></span> <span class='ocrx_word' id='word_1_448' title='bbox 2087 3844 2120 3885; x_wconf 92' lang='lat' dir='ltr'><strong>a</strong></span> 
     </span>
    </p>
   </div>
   <div class='ocr_carea' id='block_1_61' title="bbox 523 3919 2121 3996">
    <p class='ocr_par' dir='ltr' id='par_1_61' title="bbox 523 3919 2121 3996">
     <span class='ocr_line' id='line_1_61' title="bbox 523 3919 2121 3996; baseline -0.001 -18"><span class='ocrx_word' id='word_1_449' title='bbox 523 3929 720 3996; x_wconf 89' lang='lat' dir='ltr'><strong>quarto</strong></span> <span class='ocrx_word' id='word_1_450' title='bbox 735 3920 1044 3993; x_wconf 90' lang='lat' dir='ltr'><strong>alphabeto,</strong></span> <span class='ocrx_word' id='word_1_451' title='bbox 1061 3919 1206 3990; x_wconf 90' lang='lat' dir='ltr'><strong>quod</strong></span> <span class='ocrx_word' id='word_1_452' title='bbox 1229 3919 1371 3976; x_wconf 91' lang='lat' dir='ltr'><strong>sicut</strong></span> <span class='ocrx_word' id='word_1_453' title='bbox 1387 3922 1624 3992; x_wconf 90' lang='lat' dir='ltr'><strong>primum</strong></span> <span class='ocrx_word' id='word_1_454' title='bbox 1639 3931 1694 3977; x_wconf 94' lang='lat' dir='ltr'><strong>et</strong></span> <span class='ocrx_word' id='word_1_455' title='bbox 1709 3921 2005 3978; x_wconf 88' lang='lat' dir='ltr'><strong>secundum</strong></span> <span class='ocrx_word' id='word_1_456' title='bbox 2019 3919 2121 3977; x_wconf 84' lang='lat' dir='ltr'><strong>Sa-</strong></span> 
     </span>
    </p>
   </div>
   <div class='ocr_carea' id='block_1_62' title="bbox 523 4011 2121 4086">
    <p class='ocr_par' dir='ltr' id='par_1_62' title="bbox 523 4011 2121 4086">
     <span class='ocr_line' id='line_1_62' title="bbox 523 4011 2121 4086; baseline 0.001 -17"><span class='ocrx_word' id='word_1_457' title='bbox 523 4015 685 4086; x_wconf 90' lang='lat' dir='ltr'><strong>phico</strong></span> <span class='ocrx_word' id='word_1_458' title='bbox 699 4020 872 4068; x_wconf 90' lang='lat' dir='ltr'><strong>metro</strong></span> <span class='ocrx_word' id='word_1_459' title='bbox 886 4011 1158 4078; x_wconf 88' lang='lat' dir='ltr'><strong>decurrit;</strong></span> <span class='ocrx_word' id='word_1_460' title='bbox 1174 4011 1230 4066; x_wconf 93' lang='lat' dir='ltr'><strong>in</strong></span> <span class='ocrx_word' id='word_1_461' title='bbox 1249 4027 1357 4083; x_wconf 92' lang='lat' dir='ltr'><strong>quo</strong></span> <span class='ocrx_word' id='word_1_462' title='bbox 1371 4013 1536 4070; x_wconf 92' lang='lat' dir='ltr'><strong>simili</strong></span> <span class='ocrx_word' id='word_1_463' title='bbox 1558 4014 1742 4081; x_wconf 90' lang='lat' dir='ltr'><strong>modo,</strong></span> <span class='ocrx_word' id='word_1_464' title='bbox 1759 4022 1819 4069; x_wconf 94' lang='lat' dir='ltr'><strong>ut</strong></span> <span class='ocrx_word' id='word_1_465' title='bbox 1832 4014 1888 4070; x_wconf 93' lang='lat' dir='ltr'><strong>in</strong></span> <span class='ocrx_word' id='word_1_466' title='bbox 1905 4013 2121 4070; x_wconf 64' lang='lat' dir='ltr'><strong>caeteris</strong></span> 
     </span>
    </p>
   </div>
   <div class='ocr_carea' id='block_1_63' title="bbox 524 4106 2120 4181">
    <p class='ocr_par' dir='ltr' id='par_1_63' title="bbox 524 4106 2120 4181">
     <span class='ocr_line' id='line_1_63' title="bbox 524 4106 2120 4181; baseline 0.001 -16"><span class='ocrx_word' id='word_1_467' title='bbox 524 4125 711 4165; x_wconf 88' lang='lat' dir='ltr'><strong>casum</strong></span> <span class='ocrx_word' id='word_1_468' title='bbox 723 4107 903 4181; x_wconf 89' lang='lat' dir='ltr'><strong>populi</strong></span> <span class='ocrx_word' id='word_1_469' title='bbox 924 4106 1113 4175; x_wconf 65' lang='lat' dir='ltr'><strong>Judaei,</strong></span> <span class='ocrx_word' id='word_1_470' title='bbox 1130 4116 1295 4180; x_wconf 87' lang='lat' dir='ltr'><strong>atque</strong></span> <span class='ocrx_word' id='word_1_471' title='bbox 1309 4110 1665 4166; x_wconf 89' lang='lat' dir='ltr'><strong>vastationem</strong></span> <span class='ocrx_word' id='word_1_472' title='bbox 1686 4111 1837 4167; x_wconf 89' lang='lat' dir='ltr'><strong>urbis</strong></span> <span class='ocrx_word' id='word_1_473' title='bbox 1856 4109 2120 4167; x_wconf 87' lang='lat' dir='ltr'><strong>lamenta-</strong></span> 
     </span>
    </p>
   </div>
   <div class='ocr_carea' id='block_1_64' title="bbox 524 4199 2117 4274">
    <p class='ocr_par' dir='ltr' id='par_1_64' title="bbox 524 4199 2117 4274">
     <span class='ocr_line' id='line_1_64' title="bbox 524 4199 2117 4274; baseline -0.002 -16"><span class='ocrx_word' id='word_1_474' title='bbox 524 4200 620 4258; x_wconf 90' lang='lat' dir='ltr'><strong>bili</strong></span> <span class='ocrx_word' id='word_1_475' title='bbox 645 4217 779 4257; x_wconf 83' lang='lat' dir='ltr'><strong>voce</strong></span> <span class='ocrx_word' id='word_1_476' title='bbox 806 4201 1069 4271; x_wconf 89' lang='lat' dir='ltr'><strong>propheta</strong></span> <span class='ocrx_word' id='word_1_477' title='bbox 1108 4199 1460 4256; x_wconf 88' lang='lat' dir='ltr'><strong>historialiter</strong></span> <span class='ocrx_word' id='word_1_478' title='bbox 1513 4201 1790 4272; x_wconf 89' lang='lat' dir='ltr'><strong>deplorat;</strong></span> <span class='ocrx_word' id='word_1_479' title='bbox 1857 4201 2117 4274; x_wconf 83' lang='lat' dir='ltr'><strong>spiritali-</strong></span> 
     </span>
    </p>
   </div>
   <div class='ocr_carea' id='block_1_65' title="bbox 525 4291 2119 4363">
    <p class='ocr_par' dir='ltr' id='par_1_65' title="bbox 525 4291 2119 4363">
     <span class='ocr_line' id='line_1_65' title="bbox 525 4291 2119 4363; baseline -0.001 -13"><span class='ocrx_word' id='word_1_480' title='bbox 525 4303 610 4350; x_wconf 88' lang='lat' dir='ltr'><strong>ter</strong></span> <span class='ocrx_word' id='word_1_481' title='bbox 631 4302 812 4349; x_wconf 88' lang='lat' dir='ltr'><strong>autem</strong></span> <span class='ocrx_word' id='word_1_482' title='bbox 834 4292 1046 4363; x_wconf 90' lang='lat' dir='ltr'><strong>lapsum</strong></span> <span class='ocrx_word' id='word_1_483' title='bbox 1069 4293 1264 4347; x_wconf 74' lang='lat' dir='ltr'><strong>animae</strong></span> <span class='ocrx_word' id='word_1_484' title='bbox 1286 4291 1460 4347; x_wconf 89' lang='lat' dir='ltr'><strong>ﬁdelis</strong></span> <span class='ocrx_word' id='word_1_485' title='bbox 1485 4298 1646 4362; x_wconf 91' lang='lat' dir='ltr'><strong>atque</strong></span> <span class='ocrx_word' id='word_1_486' title='bbox 1671 4292 1886 4348; x_wconf 89' lang='lat' dir='ltr'><strong>ruinam</strong></span> <span class='ocrx_word' id='word_1_487' title='bbox 1913 4293 1969 4348; x_wconf 92' lang='lat' dir='ltr'><strong>in</strong></span> <span class='ocrx_word' id='word_1_488' title='bbox 1989 4307 2119 4362; x_wconf 86' lang='lat' dir='ltr'><strong>pec-</strong></span> 
     </span>
    </p>
   </div>
   <div class='ocr_carea' id='block_1_66' title="bbox 527 4381 2126 4454">
    <p class='ocr_par' dir='ltr' id='par_1_66' title="bbox 527 4381 2126 4454">
     <span class='ocr_line' id='line_1_66' title="bbox 527 4381 2126 4454; baseline 0 -16"><span class='ocrx_word' id='word_1_489' title='bbox 527 4384 662 4439; x_wconf 89' lang='lat' dir='ltr'><strong>catis</strong></span> <span class='ocrx_word' id='word_1_490' title='bbox 702 4383 1087 4439; x_wconf 90' lang='lat' dir='ltr'><strong>miserabiliter</strong></span> <span class='ocrx_word' id='word_1_491' title='bbox 1134 4383 1360 4454; x_wconf 84' lang='lat' dir='ltr'><strong>plangit,</strong></span> <span class='ocrx_word' id='word_1_492' title='bbox 1411 4384 1738 4440; x_wconf 90' lang='lat' dir='ltr'><strong>subnectens</strong></span> <span class='ocrx_word' id='word_1_493' title='bbox 1792 4381 2126 4452; x_wconf 36' lang='lat' dir='ltr'><strong>orationem,”</strong></span> 
     </span>
    </p>
   </div>
   <div class='ocr_carea' id='block_1_67' title="bbox 526 4473 2114 4547">
    <p class='ocr_par' dir='ltr' id='par_1_67' title="bbox 526 4473 2114 4547">
     <span class='ocr_line' id='line_1_67' title="bbox 526 4473 2114 4547; baseline 0.003 -18"><span class='ocrx_word' id='word_1_494' title='bbox 526 4489 688 4545; x_wconf 90' lang='lat' dir='ltr'><strong>quam</strong></span> <span class='ocrx_word' id='word_1_495' title='bbox 733 4473 872 4529; x_wconf 86' lang='lat' dir='ltr'><strong>fudit</strong></span> <span class='ocrx_word' id='word_1_496' title='bbox 919 4473 1222 4545; x_wconf 88' lang='lat' dir='ltr'><strong>lacrymosa</strong></span> <span class='ocrx_word' id='word_1_497' title='bbox 1265 4489 1400 4530; x_wconf 91' lang='lat' dir='ltr'><strong>voce</strong></span> <span class='ocrx_word' id='word_1_498' title='bbox 1430 4482 1653 4547; x_wconf 91' lang='lat' dir='ltr'><strong>propter</strong></span> <span class='ocrx_word' id='word_1_499' title='bbox 1687 4476 2114 4533; x_wconf 86' lang='lat' dir='ltr'><strong>interitum‘suo—</strong></span> 
     </span>
    </p>
   </div>
   <div class='ocr_carea' id='block_1_68' title="bbox 525 4543 2208 4638">
    <p class='ocr_par' dir='ltr' id='par_1_68' title="bbox 525 4543 2208 4638">
     <span class='ocr_line' id='line_1_68' title="bbox 525 4543 2208 4638; baseline -0.001 -18"><span class='ocrx_word' id='word_1_500' title='bbox 525 4543 644 4620; x_wconf 76' lang='lat' dir='ltr'><strong>rum</strong></span> <span class='ocrx_word' id='word_1_501' title='bbox 669 4565 737 4619; x_wconf 91' lang='lat' dir='ltr'><strong>ad</strong></span> <span class='ocrx_word' id='word_1_502' title='bbox 765 4564 884 4636; x_wconf 90' lang='lat' dir='ltr'><strong>pias</strong></span> <span class='ocrx_word' id='word_1_503' title='bbox 915 4543 1076 4618; x_wconf 83' lang='lat' dir='ltr'><strong>aures</strong></span> <span class='ocrx_word' id='word_1_504' title='bbox 1102 4562 1336 4627; x_wconf 92' lang='lat' dir='ltr'><strong>Domini,</strong></span> <span class='ocrx_word' id='word_1_505' title='bbox 1372 4543 1640 4634; x_wconf 74' lang='lat' dir='ltr'><strong>quatenus</strong></span> <span class='ocrx_word' id='word_1_506' title='bbox 1665 4563 1804 4637; x_wconf 82' lang='lat' dir='ltr'><strong>ipse</strong></span> <span class='ocrx_word' id='word_1_507' title='bbox 1849 4567 2116 4638; x_wconf 89' lang='lat' dir='ltr'><strong>benignus</strong></span> <span class='ocrx_word' id='word_1_508' title='bbox 2141 4543 2208 4618; x_wconf 80' lang='lat' dir='ltr'><strong>D.</strong></span> 
     </span>
    </p>
   </div>
   <div class='ocr_carea' id='block_1_69' title="bbox 525 4655 2119 4729">
    <p class='ocr_par' dir='ltr' id='par_1_69' title="bbox 525 4655 2119 4729">
     <span class='ocr_line' id='line_1_69' title="bbox 525 4655 2119 4729; baseline 0.003 -18"><span class='ocrx_word' id='word_1_509' title='bbox 525 4657 755 4712; x_wconf 81' lang='lat' dir='ltr'><strong>miseros</strong></span> <span class='ocrx_word' id='word_1_510' title='bbox 783 4671 1000 4711; x_wconf 90' lang='lat' dir='ltr'><strong>manum</strong></span> <span class='ocrx_word' id='word_1_511' title='bbox 1032 4655 1211 4712; x_wconf 88' lang='lat' dir='ltr'><strong>solatii</strong></span> <span class='ocrx_word' id='word_1_512' title='bbox 1238 4656 1589 4728; x_wconf 85' lang='lat' dir='ltr'><strong>porrigendo,</strong></span> <span class='ocrx_word' id='word_1_513' title='bbox 1618 4657 1674 4713; x_wconf 90' lang='lat' dir='ltr'><strong>in</strong></span> <span class='ocrx_word' id='word_1_514' title='bbox 1704 4665 1906 4714; x_wconf 90' lang='lat' dir='ltr'><strong>statum</strong></span> <span class='ocrx_word' id='word_1_515' title='bbox 1931 4659 2119 4729; x_wconf 90' lang='lat' dir='ltr'><strong>pristi-</strong></span> 
     </span>
    </p>
   </div>
   <div class='ocr_carea' id='block_1_70' title="bbox 524 4745 2021 4818">
    <p class='ocr_par' dir='ltr' id='par_1_70' title="bbox 524 4745 2021 4818">
     <span class='ocr_line' id='line_1_70' title="bbox 524 4745 2021 4818; baseline -0.001 -15"><span class='ocrx_word' id='word_1_516' title='bbox 524 4764 654 4803; x_wconf 90' lang='lat' dir='ltr'><strong>num</strong></span> <span class='ocrx_word' id='word_1_517' title='bbox 708 4747 904 4818; x_wconf 86' lang='lat' dir='ltr'><strong>erigat,</strong></span> <span class='ocrx_word' id='word_1_518' title='bbox 957 4756 1120 4817; x_wconf 91' lang='lat' dir='ltr'><strong>atque</strong></span> <span class='ocrx_word' id='word_1_519' title='bbox 1172 4745 1425 4818; x_wconf 71' lang='lat' dir='ltr'><strong>perfecue</strong></span> <span class='ocrx_word' id='word_1_520' title='bbox 1479 4747 1700 4803; x_wconf 89' lang='lat' dir='ltr'><strong>sanitati</strong></span> <span class='ocrx_word' id='word_1_521' title='bbox 1751 4750 2021 4805; x_wconf 87' lang='lat' dir='ltr'><strong>restituat.</strong></span> 
     </span>
    </p>
   </div>
   <div class='ocr_carea' id='block_1_71' title="bbox 581 4837 2118 4913">
    <p class='ocr_par' dir='ltr' id='par_1_71' title="bbox 581 4837 2118 4913">
     <span class='ocr_line' id='line_1_71' title="bbox 581 4837 2118 4913; baseline 0.003 -18"><span class='ocrx_word' id='word_1_522' title='bbox 581 4841 766 4913; x_wconf 79' lang='lat' dir='ltr'><strong>Aleplt.</strong></span> <span class='ocrx_word' id='word_1_523' title='bbox 792 4861 810 4893; x_wconf 88' lang='grc'><strong><em>‹</em></strong></span> <span class='ocrx_word' id='word_1_524' title='bbox 845 4840 1130 4909; x_wconf 86' lang='lat' dir='ltr'><strong>Quomodo</strong></span> <span class='ocrx_word' id='word_1_525' title='bbox 1157 4837 1505 4896; x_wconf 87' lang='lat' dir='ltr'><strong>obscuratum</strong></span> <span class='ocrx_word' id='word_1_526' title='bbox 1526 4848 1611 4896; x_wconf 91' lang='lat' dir='ltr'><strong>est</strong></span> <span class='ocrx_word' id='word_1_527' title='bbox 1637 4857 1853 4908; x_wconf 91' lang='lat' dir='ltr'><strong>aurum,</strong></span> <span class='ocrx_word' id='word_1_528' title='bbox 1878 4849 2118 4899; x_wconf 90' lang='lat' dir='ltr'><strong>mutatus</strong></span> 
     </span>
    </p>
   </div>
   <div class='ocr_carea' id='block_1_72' title="bbox 532 4933 2118 5006">
    <p class='ocr_par' dir='ltr' id='par_1_72' title="bbox 532 4933 2118 5006">
     <span class='ocr_line' id='line_1_72' title="bbox 532 4933 2118 5006; baseline 0.003 -20"><span class='ocrx_word' id='word_1_529' title='bbox 532 4953 550 4986; x_wconf 85' lang='grc'>‹</span> <span class='ocrx_word' id='word_1_530' title='bbox 582 4943 664 4990; x_wconf 89' lang='lat' dir='ltr'><strong>est</strong></span> <span class='ocrx_word' id='word_1_531' title='bbox 680 4934 830 4991; x_wconf 89' lang='lat' dir='ltr'><strong>color</strong></span> <span class='ocrx_word' id='word_1_532' title='bbox 843 4935 1104 5006; x_wconf 90' lang='lat' dir='ltr'><strong>optimus,</strong></span> <span class='ocrx_word' id='word_1_533' title='bbox 1130 4933 1359 5003; x_wconf 88' lang='lat' dir='ltr'><strong>dispersi</strong></span> <span class='ocrx_word' id='word_1_534' title='bbox 1377 4941 1505 4989; x_wconf 90' lang='lat' dir='ltr'><strong>sunt</strong></span> <span class='ocrx_word' id='word_1_535' title='bbox 1527 4933 1735 5004; x_wconf 86' lang='lat' dir='ltr'><strong>lapides</strong></span> <span class='ocrx_word' id='word_1_536' title='bbox 1751 4935 2046 4991; x_wconf 90' lang='lat' dir='ltr'><strong>sanctuarii</strong></span> <span class='ocrx_word' id='word_1_537' title='bbox 2063 4935 2118 4991; x_wconf 94' lang='lat' dir='ltr'><strong>in</strong></span> 
     </span>
    </p>
   </div>
   <div class='ocr_carea' id='block_1_73' title="bbox 529 5025 2120 5099">
    <p class='ocr_par' dir='ltr' id='par_1_73' title="bbox 529 5025 2120 5099">
     <span class='ocr_line' id='line_1_73' title="bbox 529 5025 2120 5099; baseline 0.003 -20"><span class='ocrx_word' id='word_1_538' title='bbox 529 5046 547 5079; x_wconf 74' lang='grc' dir='ltr'>ι</span> <span class='ocrx_word' id='word_1_539' title='bbox 584 5029 758 5098; x_wconf 89' lang='lat' dir='ltr'><strong>capite</strong></span> <span class='ocrx_word' id='word_1_540' title='bbox 784 5028 1024 5082; x_wconf 91' lang='lat' dir='ltr'><strong>omnium</strong></span> <span class='ocrx_word' id='word_1_541' title='bbox 1047 5025 1390 5097; x_wconf 87' lang='lat' dir='ltr'><strong>platearum?</strong></span> <span class='ocrx_word' id='word_1_542' title='bbox 1420 5047 1439 5079; x_wconf 75' lang='grc' dir='ltr'><strong><em>ι</em></strong></span> <span class='ocrx_word' id='word_1_543' title='bbox 1476 5026 1770 5099; x_wconf 66' lang='grc' dir='ltr'><strong>(Μιιωιυε.)</strong></span> <span class='ocrx_word' id='word_1_544' title='bbox 1807 5026 1945 5081; x_wconf 89' lang='lat' dir='ltr'><strong>Nam</strong></span> <span class='ocrx_word' id='word_1_545' title='bbox 1991 5027 2120 5083; x_wconf 88' lang='lat' dir='ltr'><strong>licet</strong></span> 
     </span>
    </p>
   </div>
   <div class='ocr_carea' id='block_1_74' title="bbox 526 5116 2118 5190">
    <p class='ocr_par' dir='ltr' id='par_1_74' title="bbox 526 5116 2118 5190">
     <span class='ocr_line' id='line_1_74' title="bbox 526 5116 2118 5190; baseline 0.001 -18"><span class='ocrx_word' id='word_1_546' title='bbox 526 5119 642 5183; x_wconf 70' lang='lat' dir='ltr'><strong>lucc</strong></span> <span class='ocrx_word' id='word_1_547' title='bbox 677 5119 1033 5174; x_wconf 86' lang='lat' dir='ltr'><strong>historialitcr</strong></span> <span class='ocrx_word' id='word_1_548' title='bbox 1071 5117 1222 5174; x_wconf 88' lang='lat' dir='ltr'><strong>urbis</strong></span> <span class='ocrx_word' id='word_1_549' title='bbox 1269 5116 1735 5190; x_wconf 84' lang='lat' dir='ltr'><strong>Jerosolymitanae</strong></span> <span class='ocrx_word' id='word_1_550' title='bbox 1787 5119 2118 5175; x_wconf 89' lang='lat' dir='ltr'><strong>destructio-</strong></span> 
     </span>
    </p>
   </div>
   <div class='ocr_carea' id='block_1_75' title="bbox 526 5210 2115 5284">
    <p class='ocr_par' dir='ltr' id='par_1_75' title="bbox 526 5210 2115 5284">
     <span class='ocr_line' id='line_1_75' title="bbox 526 5210 2115 5284; baseline 0.001 -19"><span class='ocrx_word' id='word_1_551' title='bbox 526 5225 670 5276; x_wconf 90' lang='lat' dir='ltr'><strong>nem,</strong></span> <span class='ocrx_word' id='word_1_552' title='bbox 724 5219 778 5265; x_wconf 93' lang='lat' dir='ltr'><strong>et</strong></span> <span class='ocrx_word' id='word_1_553' title='bbox 820 5211 1008 5284; x_wconf 88' lang='lat' dir='ltr'><strong>templi</strong></span> <span class='ocrx_word' id='word_1_554' title='bbox 1041 5210 1537 5267; x_wconf 83' lang='lat' dir='ltr'><strong>concremationcm</strong></span> <span class='ocrx_word' id='word_1_555' title='bbox 1582 5211 1868 5268; x_wconf 88' lang='lat' dir='ltr'><strong>videantur</strong></span> <span class='ocrx_word' id='word_1_556' title='bbox 1900 5226 2115 5275; x_wconf 90' lang='lat' dir='ltr'><strong>sonare,</strong></span> 
     </span>
    </p>
   </div>
   <div class='ocr_carea' id='block_1_76' title="bbox 526 5295 2120 5376">
    <p class='ocr_par' dir='ltr' id='par_1_76' title="bbox 526 5295 2120 5376">
     <span class='ocr_line' id='line_1_76' title="bbox 526 5295 2120 5376; baseline -0.001 -17"><span class='ocrx_word' id='word_1_557' title='bbox 526 5302 620 5359; x_wconf 87' lang='lat' dir='ltr'><strong>ubi</strong></span> <span class='ocrx_word' id='word_1_558' title='bbox 653 5313 796 5360; x_wconf 91' lang='lat' dir='ltr'><strong>totus</strong></span> <span class='ocrx_word' id='word_1_559' title='bbox 826 5305 912 5361; x_wconf 91' lang='lat' dir='ltr'><strong>ille</strong></span> <span class='ocrx_word' id='word_1_560' title='bbox 952 5314 1179 5362; x_wconf 89' lang='lat' dir='ltr'><strong>ornatus</strong></span> <span class='ocrx_word' id='word_1_561' title='bbox 1219 5295 1463 5361; x_wconf 83' lang='lat' dir='ltr'><strong>veterum</strong></span> <span class='ocrx_word' id='word_1_562' title='bbox 1504 5303 1799 5376; x_wconf 90' lang='lat' dir='ltr'><strong>dissipatus</strong></span> <span class='ocrx_word' id='word_1_563' title='bbox 1827 5313 1932 5370; x_wconf 89' lang='lat' dir='ltr'><strong>est,</strong></span> <span class='ocrx_word' id='word_1_564' title='bbox 1965 5311 2020 5358; x_wconf 92' lang='lat' dir='ltr'><strong>et</strong></span> <span class='ocrx_word' id='word_1_565' title='bbox 2051 5301 2120 5358; x_wconf 89' lang='lat' dir='ltr'><strong>ad</strong></span> 
     </span>
    </p>
   </div>
   <div class='ocr_carea' id='block_1_77' title="bbox 529 5392 2120 5466">
    <p class='ocr_par' dir='ltr' id='par_1_77' title="bbox 529 5392 2120 5466">
     <span class='ocr_line' id='line_1_77' title="bbox 529 5392 2120 5466; baseline 0.001 -17"><span class='ocrx_word' id='word_1_566' title='bbox 529 5393 760 5449; x_wconf 88' lang='lat' dir='ltr'><strong>nihilum</strong></span> <span class='ocrx_word' id='word_1_567' title='bbox 783 5396 1059 5464; x_wconf 88' lang='lat' dir='ltr'><strong>redactus,</strong></span> <span class='ocrx_word' id='word_1_568' title='bbox 1085 5404 1266 5452; x_wconf 91' lang='lat' dir='ltr'><strong>tamen</strong></span> <span class='ocrx_word' id='word_1_569' title='bbox 1296 5395 1474 5462; x_wconf 81' lang='lat' dir='ltr'><strong>altiori</strong></span> <span class='ocrx_word' id='word_1_570' title='bbox 1501 5410 1663 5450; x_wconf 90' lang='lat' dir='ltr'><strong>sensu</strong></span> <span class='ocrx_word' id='word_1_571' title='bbox 1686 5395 1870 5465; x_wconf 86' lang='lat' dir='ltr'><strong>templi</strong></span> <span class='ocrx_word' id='word_1_572' title='bbox 1903 5392 2120 5466; x_wconf 82' lang='lat' dir='ltr'><strong>mystici</strong></span> 
     </span>
    </p>
   </div>
   <div class='ocr_carea' id='block_1_78' title="bbox 530 5482 2121 5559">
    <p class='ocr_par' dir='ltr' id='par_1_78' title="bbox 530 5482 2121 5559">
     <span class='ocr_line' id='line_1_78' title="bbox 530 5482 2121 5559; baseline 0.003 -19"><span class='ocrx_word' id='word_1_573' title='bbox 530 5482 888 5555; x_wconf 89' lang='lat' dir='ltr'><strong>dejectionem</strong></span> <span class='ocrx_word' id='word_1_574' title='bbox 917 5487 1209 5559; x_wconf 89' lang='lat' dir='ltr'><strong>signiﬁcat,</strong></span> <span class='ocrx_word' id='word_1_575' title='bbox 1241 5489 1332 5559; x_wconf 91' lang='lat' dir='ltr'><strong>qui</strong></span> <span class='ocrx_word' id='word_1_576' title='bbox 1377 5487 1618 5558; x_wconf 91' lang='lat' dir='ltr'><strong>quotidie</strong></span> <span class='ocrx_word' id='word_1_577' title='bbox 1661 5488 1716 5542; x_wconf 91' lang='lat' dir='ltr'><strong>in</strong></span> <span class='ocrx_word' id='word_1_578' title='bbox 1764 5489 2121 5558; x_wconf 86' lang='lat' dir='ltr'><strong>reproborum</strong></span> 
     </span>
    </p>
   </div>
   <div class='ocr_carea' id='block_1_79' title="bbox 529 5577 2121 5653">
    <p class='ocr_par' dir='ltr' id='par_1_79' title="bbox 529 5577 2121 5653">
     <span class='ocr_line' id='line_1_79' title="bbox 529 5577 2121 5653; baseline 0.001 -21"><span class='ocrx_word' id='word_1_579' title='bbox 529 5577 643 5633; x_wconf 87' lang='lat' dir='ltr'><strong>vita</strong></span> <span class='ocrx_word' id='word_1_580' title='bbox 671 5586 726 5633; x_wconf 90' lang='lat' dir='ltr'><strong>et</strong></span> <span class='ocrx_word' id='word_1_581' title='bbox 744 5579 986 5634; x_wconf 89' lang='lat' dir='ltr'><strong>moribus</strong></span> <span class='ocrx_word' id='word_1_582' title='bbox 1013 5579 1308 5635; x_wconf 85' lang='lat' dir='ltr'><strong>oll&#39;uscatur</strong></span> <span class='ocrx_word' id='word_1_583' title='bbox 1325 5588 1485 5651; x_wconf 87' lang='lat' dir='ltr'><strong>atque</strong></span> <span class='ocrx_word' id='word_1_584' title='bbox 1508 5579 1828 5636; x_wconf 86' lang='lat' dir='ltr'><strong>destruitur.</strong></span> <span class='ocrx_word' id='word_1_585' title='bbox 1868 5580 1886 5653; x_wconf 92' lang='lat'>(</span> <span class='ocrx_word' id='word_1_586' title='bbox 1914 5579 2070 5651; x_wconf 82' lang='lat' dir='ltr'><strong>Greg.</strong></span> <span class='ocrx_word' id='word_1_587' title='bbox 2099 5579 2121 5652; x_wconf 91' lang='lat'><strong>)</strong></span> 
     </span>
    </p>
   </div>
   <div class='ocr_carea' id='block_1_80' title="bbox 531 5672 2119 5756">
    <p class='ocr_par' dir='ltr' id='par_1_80' title="bbox 531 5672 2119 5756">
     <span class='ocr_line' id='line_1_80' title="bbox 531 5672 2119 5756; baseline -0.001 -27"><span class='ocrx_word' id='word_1_588' title='bbox 531 5672 672 5742; x_wconf 84' lang='lat' dir='ltr'><strong>Quid</strong></span> <span class='ocrx_word' id='word_1_589' title='bbox 697 5687 930 5756; x_wconf 79' lang='lat' dir='ltr'><strong>namque</strong></span> <span class='ocrx_word' id='word_1_590' title='bbox 960 5689 1110 5737; x_wconf 91' lang='lat' dir='ltr'><strong>auro,</strong></span> <span class='ocrx_word' id='word_1_591' title='bbox 1131 5674 1273 5744; x_wconf 89' lang='lat' dir='ltr'><strong>quod</strong></span> <span class='ocrx_word' id='word_1_592' title='bbox 1295 5675 1528 5731; x_wconf 90' lang='lat' dir='ltr'><strong>metallis</strong></span> <span class='ocrx_word' id='word_1_593' title='bbox 1545 5674 1759 5731; x_wconf 56' lang='lat' dir='ltr'><strong>caeteris</strong></span> <span class='ocrx_word' id='word_1_594' title='bbox 1783 5674 2119 5745; x_wconf 71' lang='lat' dir='ltr'><strong>prazeminct,</strong></span> 
     </span>
    </p>
   </div>
   <div class='ocr_carea' id='block_1_81' title="bbox 532 5765 2123 5838">
    <p class='ocr_par' dir='ltr' id='par_1_81' title="bbox 532 5765 2123 5838">
     <span class='ocr_line' id='line_1_81' title="bbox 532 5765 2123 5838; baseline -0.001 -14"><span class='ocrx_word' id='word_1_595' title='bbox 532 5765 640 5824; x_wconf 85' lang='lat' dir='ltr'><strong>nisi</strong></span> <span class='ocrx_word' id='word_1_596' title='bbox 664 5767 988 5823; x_wconf 86' lang='lat' dir='ltr'><strong>excellentia</strong></span> <span class='ocrx_word' id='word_1_597' title='bbox 1017 5766 1358 5823; x_wconf 88' lang='lat' dir='ltr'><strong>sanctitatis?</strong></span> <span class='ocrx_word' id='word_1_598' title='bbox 1386 5767 1524 5835; x_wconf 89' lang='lat' dir='ltr'><strong>Quid</strong></span> <span class='ocrx_word' id='word_1_599' title='bbox 1546 5767 1727 5834; x_wconf 87' lang='lat' dir='ltr'><strong>colore</strong></span> <span class='ocrx_word' id='word_1_600' title='bbox 1757 5768 1983 5838; x_wconf 88' lang='lat' dir='ltr'><strong>optimo,</strong></span> <span class='ocrx_word' id='word_1_601' title='bbox 2015 5765 2123 5822; x_wconf 90' lang='lat' dir='ltr'><strong>nisi</strong></span> 
     </span>
    </p>
   </div>
   <div class='ocr_carea' id='block_1_82' title="bbox 532 5857 2121 5931">
    <p class='ocr_par' dir='ltr' id='par_1_82' title="bbox 532 5857 2121 5931">
     <span class='ocr_line' id='line_1_82' title="bbox 532 5857 2121 5931; baseline -0.001 -14"><span class='ocrx_word' id='word_1_602' title='bbox 532 5861 744 5919; x_wconf 89' lang='lat' dir='ltr'><strong>cunctis</strong></span> <span class='ocrx_word' id='word_1_603' title='bbox 794 5862 1043 5921; x_wconf 83' lang='lat' dir='ltr'><strong>amabilis</strong></span> <span class='ocrx_word' id='word_1_604' title='bbox 1085 5859 1392 5919; x_wconf 87' lang='lat' dir='ltr'><strong>reverentia</strong></span> <span class='ocrx_word' id='word_1_605' title='bbox 1435 5859 1712 5930; x_wconf 83' lang='lat' dir='ltr'><strong>religionis</strong></span> <span class='ocrx_word' id='word_1_606' title='bbox 1759 5857 2121 5931; x_wconf 84' lang='lat' dir='ltr'><strong>exprimitur?</strong></span> 
     </span>
    </p>
   </div>
   <div class='ocr_carea' id='block_1_83' title="bbox 2223 3724 3810 3805">
    <p class='ocr_par' dir='ltr' id='par_1_83' title="bbox 2223 3724 3810 3805">
     <span class='ocr_line' id='line_1_83' title="bbox 2223 3724 3810 3805; baseline -0.004 -13"><span class='ocrx_word' id='word_1_607' title='bbox 2223 3734 2363 3805; x_wconf 90' lang='lat' dir='ltr'><strong>Quid</strong></span> <span class='ocrx_word' id='word_1_608' title='bbox 2389 3733 2684 3793; x_wconf 88' lang='lat' dir='ltr'><strong>sanctuarii</strong></span> <span class='ocrx_word' id='word_1_609' title='bbox 2707 3732 2940 3805; x_wconf 86' lang='lat' dir='ltr'><strong>lapides,</strong></span> <span class='ocrx_word' id='word_1_610' title='bbox 2964 3724 3070 3790; x_wconf 84' lang='lat' dir='ltr'><strong>nisi</strong></span> <span class='ocrx_word' id='word_1_611' title='bbox 3103 3744 3388 3789; x_wconf 88' lang='lat' dir='ltr'><strong>sacrorum</strong></span> <span class='ocrx_word' id='word_1_612' title='bbox 3411 3731 3671 3788; x_wconf 89' lang='lat' dir='ltr'><strong>ordinum</strong></span> <span class='ocrx_word' id='word_1_613' title='bbox 3691 3746 3810 3803; x_wconf 85' lang='lat' dir='ltr'><strong>per-</strong></span> 
     </span>
    </p>
   </div>
   <div class='ocr_carea' id='block_1_84' title="bbox 2223 3822 3811 3900">
    <p class='ocr_par' dir='ltr' id='par_1_84' title="bbox 2223 3822 3811 3900">
     <span class='ocr_line' id='line_1_84' title="bbox 2223 3822 3811 3900; baseline -0.004 -16"><span class='ocrx_word' id='word_1_614' title='bbox 2223 3842 2371 3884; x_wconf 74' lang='lat' dir='ltr'><strong>sona:</strong></span> <span class='ocrx_word' id='word_1_615' title='bbox 2392 3827 2708 3900; x_wconf 83' lang='lat' dir='ltr'><strong>signantur?</strong></span> <span class='ocrx_word' id='word_1_616' title='bbox 2735 3824 2874 3893; x_wconf 90' lang='lat' dir='ltr'><strong>Quid</strong></span> <span class='ocrx_word' id='word_1_617' title='bbox 2926 3823 3232 3896; x_wconf 87' lang='lat' dir='ltr'><strong>platearum</strong></span> <span class='ocrx_word' id='word_1_618' title='bbox 3262 3822 3506 3890; x_wconf 91' lang='lat' dir='ltr'><strong>nomine,</strong></span> <span class='ocrx_word' id='word_1_619' title='bbox 3539 3823 3650 3879; x_wconf 89' lang='lat' dir='ltr'><strong>nisi</strong></span> <span class='ocrx_word' id='word_1_620' title='bbox 3677 3839 3811 3894; x_wconf 70' lang='lat' dir='ltr'><strong>pne-</strong></span> 
     </span>
    </p>
   </div>
   <div class='ocr_carea' id='block_1_85' title="bbox 2224 3915 3809 3990">
    <p class='ocr_par' dir='ltr' id='par_1_85' title="bbox 2224 3915 3809 3990">
     <span class='ocr_line' id='line_1_85' title="bbox 2224 3915 3809 3990; baseline -0.006 -9"><span class='ocrx_word' id='word_1_621' title='bbox 2224 3925 2392 3981; x_wconf 90' lang='lat' dir='ltr'><strong>sentis</strong></span> <span class='ocrx_word' id='word_1_622' title='bbox 2413 3923 2538 3979; x_wconf 63' lang='lat' dir='ltr'><strong>vitae</strong></span> <span class='ocrx_word' id='word_1_623' title='bbox 2560 3921 2788 3978; x_wconf 90' lang='lat' dir='ltr'><strong>latitudo</strong></span> <span class='ocrx_word' id='word_1_624' title='bbox 2819 3919 3115 3990; x_wconf 86' lang='lat' dir='ltr'><strong>ﬁguratur?</strong></span> <span class='ocrx_word' id='word_1_625' title='bbox 3134 3916 3272 3985; x_wconf 85' lang='lat' dir='ltr'><strong>Quia</strong></span> <span class='ocrx_word' id='word_1_626' title='bbox 3293 3917 3437 3972; x_wconf 88' lang='lat' dir='ltr'><strong>enim</strong></span> <span class='ocrx_word' id='word_1_627' title='bbox 3473 3915 3673 3974; x_wconf 59' lang='lat' dir='ltr'><strong>Grieco</strong></span> <span class='ocrx_word' id='word_1_628' title='bbox 3702 3917 3809 3972; x_wconf 86' lang='lat' dir='ltr'><strong>elo-</strong></span> 
     </span>
    </p>
   </div>
   <div class='ocr_carea' id='block_1_86' title="bbox 2223 4009 3814 4089">
    <p class='ocr_par' dir='ltr' id='par_1_86' title="bbox 2223 4009 3814 4089">
     <span class='ocr_line' id='line_1_86' title="bbox 2223 4009 3814 4089; baseline -0.004 -17"><span class='ocrx_word' id='word_1_629' title='bbox 2223 4017 2350 4089; x_wconf 92' lang='lat' dir='ltr'><strong>quio</strong></span> <span class='ocrx_word' id='word_1_630' title='bbox 2363 4018 2554 4080; x_wconf 81' lang='grc' dir='ltr'>πλάτος</span> <span class='ocrx_word' id='word_1_631' title='bbox 2566 4014 2793 4070; x_wconf 91' lang='lat' dir='ltr'><strong>latitudo</strong></span> <span class='ocrx_word' id='word_1_632' title='bbox 2806 4010 3271 4081; x_wconf 79' lang='lat' dir='ltr'><strong>dicitur,profecto</strong></span> <span class='ocrx_word' id='word_1_633' title='bbox 3285 4024 3313 4064; x_wconf 91' lang='lat' dir='ltr'><strong>a</strong></span> <span class='ocrx_word' id='word_1_634' title='bbox 3328 4009 3614 4065; x_wconf 88' lang='lat' dir='ltr'><strong>latitudine</strong></span> <span class='ocrx_word' id='word_1_635' title='bbox 3626 4011 3814 4081; x_wconf 63' lang='lat' dir='ltr'><strong>platea</strong></span> 
     </span>
    </p>
   </div>
   <div class='ocr_carea' id='block_1_87' title="bbox 2226 4101 3812 4174">
    <p class='ocr_par' dir='ltr' id='par_1_87' title="bbox 2226 4101 3812 4174">
     <span class='ocr_line' id='line_1_87' title="bbox 2226 4101 3812 4174; baseline -0.004 -9"><span class='ocrx_word' id='word_1_636' title='bbox 2226 4117 2353 4165; x_wconf 89' lang='lat' dir='ltr'><strong>sunt</strong></span> <span class='ocrx_word' id='word_1_637' title='bbox 2404 4116 2626 4164; x_wconf 60' lang='lat' dir='ltr'><strong>vocata}.</strong></span> <span class='ocrx_word' id='word_1_638' title='bbox 2680 4105 2785 4162; x_wconf 86' lang='lat' dir='ltr'><strong>Per</strong></span> <span class='ocrx_word' id='word_1_639' title='bbox 2833 4103 3180 4174; x_wconf 88' lang='lat' dir='ltr'><strong>semetipsam</strong></span> <span class='ocrx_word' id='word_1_640' title='bbox 3231 4118 3362 4158; x_wconf 87' lang='lat' dir='ltr'><strong>vero</strong></span> <span class='ocrx_word' id='word_1_641' title='bbox 3384 4101 3607 4159; x_wconf 74' lang='lat' dir='ltr'><strong>Veritas</strong></span> <span class='ocrx_word' id='word_1_642' title='bbox 3637 4103 3812 4160; x_wconf 84' lang='lat' dir='ltr'><strong>dicit:</strong></span> 
     </span>
    </p>
   </div>
   <div class='ocr_carea' id='block_1_88' title="bbox 2233 4194 3806 4270">
    <p class='ocr_par' dir='ltr' id='par_1_88' title="bbox 2233 4194 3806 4270">
     <span class='ocr_line' id='line_1_88' title="bbox 2233 4194 3806 4270; baseline -0.002 -16"><span class='ocrx_word' id='word_1_643' title='bbox 2233 4221 2251 4254; x_wconf 74' lang='grc' dir='ltr'>ι</span> <span class='ocrx_word' id='word_1_644' title='bbox 2299 4201 2431 4256; x_wconf 88' lang='lat' dir='ltr'><strong>Lata</strong></span> <span class='ocrx_word' id='word_1_645' title='bbox 2469 4210 2534 4256; x_wconf 90' lang='lat' dir='ltr'><strong>et.</strong></span> <span class='ocrx_word' id='word_1_646' title='bbox 2560 4199 2794 4270; x_wconf 80' lang='lat' dir='ltr'><strong>spatiosa</strong></span> <span class='ocrx_word' id='word_1_647' title='bbox 2827 4198 2913 4252; x_wconf 90' lang='lat' dir='ltr'><strong>via</strong></span> <span class='ocrx_word' id='word_1_648' title='bbox 2945 4205 3049 4263; x_wconf 89' lang='lat' dir='ltr'><strong>est,</strong></span> <span class='ocrx_word' id='word_1_649' title='bbox 3080 4211 3201 4266; x_wconf 74' lang='lat' dir='ltr'><strong>qua:</strong></span> <span class='ocrx_word' id='word_1_650' title='bbox 3242 4194 3387 4250; x_wconf 90' lang='lat' dir='ltr'><strong>ducit</strong></span> <span class='ocrx_word' id='word_1_651' title='bbox 3433 4194 3500 4249; x_wconf 90' lang='lat' dir='ltr'><strong>ad</strong></span> <span class='ocrx_word' id='word_1_652' title='bbox 3553 4197 3806 4265; x_wconf 89' lang='lat' dir='ltr'><strong>perditio-</strong></span> 
     </span>
    </p>
   </div>
   <div class='ocr_carea' id='block_1_89' title="bbox 2224 4288 3815 4366">
    <p class='ocr_par' dir='ltr' id='par_1_89' title="bbox 2224 4288 3815 4366">
     <span class='ocr_line' id='line_1_89' title="bbox 2224 4288 3815 4366; baseline -0.006 -15"><span class='ocrx_word' id='word_1_653' title='bbox 2224 4310 2347 4351; x_wconf 90' lang='lat' dir='ltr'><strong>nem</strong></span> <span class='ocrx_word' id='word_1_654' title='bbox 2365 4293 2577 4366; x_wconf 82' lang='lat' dir='ltr'><strong>(Matth.</strong></span> <span class='ocrx_word' id='word_1_655' title='bbox 2596 4292 2713 4364; x_wconf 70' lang='grc' dir='ltr'><strong>γη).</strong></span> <span class='ocrx_word' id='word_1_656' title='bbox 2741 4312 2759 4343; x_wconf 75' lang='grc' dir='ltr'><strong><em>ι</em></strong></span> <span class='ocrx_word' id='word_1_657' title='bbox 2780 4293 2983 4344; x_wconf 89' lang='lat' dir='ltr'><strong>Aurum</strong></span> <span class='ocrx_word' id='word_1_658' title='bbox 3000 4288 3524 4361; x_wconf 89' lang='lat' dir='ltr'><strong>igiturobscuratur,</strong></span> <span class='ocrx_word' id='word_1_659' title='bbox 3551 4303 3680 4342; x_wconf 91' lang='lat' dir='ltr'><strong>cum</strong></span> <span class='ocrx_word' id='word_1_660' title='bbox 3719 4298 3815 4344; x_wconf 83' lang='lat' dir='ltr'><strong>ter-</strong></span> 
     </span>
    </p>
   </div>
   <div class='ocr_carea' id='block_1_90' title="bbox 2225 4377 3818 4451">
    <p class='ocr_par' dir='ltr' id='par_1_90' title="bbox 2225 4377 3818 4451">
     <span class='ocr_line' id='line_1_90' title="bbox 2225 4377 3818 4451; baseline -0.005 -8"><span class='ocrx_word' id='word_1_661' title='bbox 2225 4386 2372 4443; x_wconf 91' lang='lat' dir='ltr'><strong>renis</strong></span> <span class='ocrx_word' id='word_1_662' title='bbox 2400 4385 2611 4441; x_wconf 89' lang='lat' dir='ltr'><strong>actibus</strong></span> <span class='ocrx_word' id='word_1_663' title='bbox 2637 4381 2942 4439; x_wconf 88' lang='lat' dir='ltr'><strong>sanctitatis</strong></span> <span class='ocrx_word' id='word_1_664' title='bbox 2964 4381 3075 4438; x_wconf 86' lang='lat' dir='ltr'><strong>vita</strong></span> <span class='ocrx_word' id='word_1_665' title='bbox 3097 4380 3373 4451; x_wconf 91' lang='lat' dir='ltr'><strong>polluitur.</strong></span> <span class='ocrx_word' id='word_1_666' title='bbox 3403 4377 3818 4449; x_wconf 87' lang='lat' dir='ltr'><strong>Coloroptimus</strong></span> 
     </span>
    </p>
   </div>
   <div class='ocr_carea' id='block_1_91' title="bbox 2225 4471 3816 4545">
    <p class='ocr_par' dir='ltr' id='par_1_91' title="bbox 2225 4471 3816 4545">
     <span class='ocr_line' id='line_1_91' title="bbox 2225 4471 3816 4545; baseline -0.005 -11"><span class='ocrx_word' id='word_1_667' title='bbox 2225 4483 2611 4544; x_wconf 75' lang='lat' dir='ltr'><strong>commutatur,</strong></span> <span class='ocrx_word' id='word_1_668' title='bbox 2639 4490 2762 4530; x_wconf 90' lang='lat' dir='ltr'><strong>cum</strong></span> <span class='ocrx_word' id='word_1_669' title='bbox 2789 4474 3170 4545; x_wconf 89' lang='lat' dir='ltr'><strong>quorumdam,</strong></span> <span class='ocrx_word' id='word_1_670' title='bbox 3201 4471 3293 4541; x_wconf 92' lang='lat' dir='ltr'><strong>qui</strong></span> <span class='ocrx_word' id='word_1_671' title='bbox 3322 4471 3520 4543; x_wconf 84' lang='lat' dir='ltr'><strong>degere</strong></span> <span class='ocrx_word' id='word_1_672' title='bbox 3563 4471 3816 4543; x_wconf 84' lang='lat' dir='ltr'><strong>religiose</strong></span> 
     </span>
    </p>
   </div>
   <div class='ocr_carea' id='block_1_92' title="bbox 2220 4563 3812 4635">
    <p class='ocr_par' dir='ltr' id='par_1_92' title="bbox 2220 4563 3812 4635">
     <span class='ocr_line' id='line_1_92' title="bbox 2220 4563 3812 4635; baseline -0.004 -8"><span class='ocrx_word' id='word_1_673' title='bbox 2220 4572 2607 4635; x_wconf 90' lang='lat' dir='ltr'><strong>credebantur,</strong></span> <span class='ocrx_word' id='word_1_674' title='bbox 2629 4567 2918 4623; x_wconf 74' lang='lat' dir='ltr'><strong>:estimatio</strong></span> <span class='ocrx_word' id='word_1_675' title='bbox 2947 4573 3193 4622; x_wconf 88' lang='lat' dir='ltr'><strong>anteacta</strong></span> <span class='ocrx_word' id='word_1_676' title='bbox 3217 4565 3492 4620; x_wconf 84' lang='lat' dir='ltr'><strong>minuitur.</strong></span> <span class='ocrx_word' id='word_1_677' title='bbox 3526 4563 3668 4619; x_wconf 86' lang='lat' dir='ltr'><strong>Nam</strong></span> <span class='ocrx_word' id='word_1_678' title='bbox 3694 4582 3812 4621; x_wconf 88' lang='lat' dir='ltr'><strong>cum</strong></span> 
     </span>
    </p>
   </div>
   <div class='ocr_carea' id='block_1_93' title="bbox 2221 4656 3813 4733">
    <p class='ocr_par' dir='ltr' id='par_1_93' title="bbox 2221 4656 3813 4733">
     <span class='ocr_line' id='line_1_93' title="bbox 2221 4656 3813 4733; baseline -0.003 -16"><span class='ocrx_word' id='word_1_679' title='bbox 2221 4662 2449 4733; x_wconf 83' lang='lat' dir='ltr'><strong>quilibet</strong></span> <span class='ocrx_word' id='word_1_680' title='bbox 2481 4669 2606 4731; x_wconf 91' lang='lat' dir='ltr'><strong>post</strong></span> <span class='ocrx_word' id='word_1_681' title='bbox 2633 4658 2938 4715; x_wconf 90' lang='lat' dir='ltr'><strong>sanctitatis</strong></span> <span class='ocrx_word' id='word_1_682' title='bbox 2971 4658 3218 4713; x_wconf 87' lang='lat' dir='ltr'><strong>habitum</strong></span> <span class='ocrx_word' id='word_1_683' title='bbox 3246 4656 3482 4711; x_wconf 89' lang='lat' dir='ltr'><strong>terrenis</strong></span> <span class='ocrx_word' id='word_1_684' title='bbox 3513 4671 3575 4711; x_wconf 88' lang='lat' dir='ltr'><strong>se</strong></span> <span class='ocrx_word' id='word_1_685' title='bbox 3603 4658 3813 4712; x_wconf 85' lang='lat' dir='ltr'><strong>actibus</strong></span> 
     </span>
    </p>
   </div>
   <div class='ocr_carea' id='block_1_94' title="bbox 2221 4747 3815 4822">
    <p class='ocr_par' dir='ltr' id='par_1_94' title="bbox 2221 4747 3815 4822">
     <span class='ocr_line' id='line_1_94' title="bbox 2221 4747 3815 4822; baseline -0.004 -14"><span class='ocrx_word' id='word_1_686' title='bbox 2221 4752 2431 4817; x_wconf 89' lang='lat' dir='ltr'><strong>inserit,</strong></span> <span class='ocrx_word' id='word_1_687' title='bbox 2457 4750 2612 4822; x_wconf 88' lang='lat' dir='ltr'><strong>quasi</strong></span> <span class='ocrx_word' id='word_1_688' title='bbox 2635 4749 2815 4804; x_wconf 87' lang='lat' dir='ltr'><strong>colore</strong></span> <span class='ocrx_word' id='word_1_689' title='bbox 2837 4754 3144 4818; x_wconf 88' lang='lat' dir='ltr'><strong>permutato</strong></span> <span class='ocrx_word' id='word_1_690' title='bbox 3172 4754 3296 4802; x_wconf 87' lang='lat' dir='ltr'><strong>ante</strong></span> <span class='ocrx_word' id='word_1_691' title='bbox 3333 4747 3606 4801; x_wconf 87' lang='lat' dir='ltr'><strong>humanos</strong></span> <span class='ocrx_word' id='word_1_692' title='bbox 3631 4748 3815 4802; x_wconf 86' lang='lat' dir='ltr'><strong>oculos</strong></span> 
     </span>
    </p>
   </div>
   <div class='ocr_carea' id='block_1_95' title="bbox 2221 4837 3812 4912">
    <p class='ocr_par' dir='ltr' id='par_1_95' title="bbox 2221 4837 3812 4912">
     <span class='ocr_line' id='line_1_95' title="bbox 2221 4837 3812 4912; baseline -0.004 -12"><span class='ocrx_word' id='word_1_693' title='bbox 2221 4842 2337 4912; x_wconf 88' lang='lat' dir='ltr'><strong>ejus</strong></span> <span class='ocrx_word' id='word_1_694' title='bbox 2366 4840 2670 4898; x_wconf 86' lang='lat' dir='ltr'><strong>reverentia</strong></span> <span class='ocrx_word' id='word_1_695' title='bbox 2712 4840 2965 4910; x_wconf 88' lang='lat' dir='ltr'><strong>despecta</strong></span> <span class='ocrx_word' id='word_1_696' title='bbox 3022 4837 3288 4908; x_wconf 89' lang='lat' dir='ltr'><strong>pallescit.</strong></span> <span class='ocrx_word' id='word_1_697' title='bbox 3341 4837 3651 4893; x_wconf 85' lang='lat' dir='ltr'><strong>Sanctuarii</strong></span> <span class='ocrx_word' id='word_1_698' title='bbox 3682 4855 3812 4909; x_wconf 83' lang='lat' dir='ltr'><strong>quo—</strong></span> 
     </span>
    </p>
   </div>
   <div class='ocr_carea' id='block_1_96' title="bbox 2219 4930 3812 5005">
    <p class='ocr_par' dir='ltr' id='par_1_96' title="bbox 2219 4930 3812 5005">
     <span class='ocr_line' id='line_1_96' title="bbox 2219 4930 3812 5005; baseline -0.004 -16"><span class='ocrx_word' id='word_1_699' title='bbox 2219 4949 2326 5005; x_wconf 92' lang='lat' dir='ltr'><strong>que</strong></span> <span class='ocrx_word' id='word_1_700' title='bbox 2347 4933 2552 5004; x_wconf 89' lang='lat' dir='ltr'><strong>lapides</strong></span> <span class='ocrx_word' id='word_1_701' title='bbox 2580 4932 2633 4986; x_wconf 92' lang='lat' dir='ltr'><strong>in</strong></span> <span class='ocrx_word' id='word_1_702' title='bbox 2658 4930 2850 5002; x_wconf 89' lang='lat' dir='ltr'><strong>plateis</strong></span> <span class='ocrx_word' id='word_1_703' title='bbox 2869 4931 3271 5002; x_wconf 88' lang='lat' dir='ltr'><strong>disperguntur,</strong></span> <span class='ocrx_word' id='word_1_704' title='bbox 3297 4945 3421 4986; x_wconf 91' lang='lat' dir='ltr'><strong>cum</strong></span> <span class='ocrx_word' id='word_1_705' title='bbox 3451 4945 3619 4985; x_wconf 89' lang='lat' dir='ltr'><strong>causa</strong></span> <span class='ocrx_word' id='word_1_706' title='bbox 3647 4945 3812 4985; x_wconf 62' lang='lat' dir='ltr'><strong>saecu-</strong></span> 
     </span>
    </p>
   </div>
   <div class='ocr_carea' id='block_1_97' title="bbox 2221 5021 3810 5093">
    <p class='ocr_par' dir='ltr' id='par_1_97' title="bbox 2221 5021 3810 5093">
     <span class='ocr_line' id='line_1_97' title="bbox 2221 5021 3810 5093; baseline -0.001 -15"><span class='ocrx_word' id='word_1_707' title='bbox 2221 5025 2438 5090; x_wconf 88' lang='lat' dir='ltr'><strong>larium,</strong></span> <span class='ocrx_word' id='word_1_708' title='bbox 2460 5022 2613 5079; x_wconf 81' lang='lat' dir='ltr'><strong>foras</strong></span> <span class='ocrx_word' id='word_1_709' title='bbox 2641 5021 2748 5077; x_wconf 89' lang='lat' dir='ltr'><strong>lata</strong></span> <span class='ocrx_word' id='word_1_710' title='bbox 2789 5022 2985 5078; x_wconf 87' lang='lat' dir='ltr'><strong>itinera</strong></span> <span class='ocrx_word' id='word_1_711' title='bbox 3021 5029 3304 5093; x_wconf 85' lang='lat' dir='ltr'><strong>expetunt,</strong></span> <span class='ocrx_word' id='word_1_712' title='bbox 3334 5022 3392 5078; x_wconf 90' lang='lat' dir='ltr'><strong>hi</strong></span> <span class='ocrx_word' id='word_1_713' title='bbox 3430 5023 3523 5093; x_wconf 88' lang='lat' dir='ltr'><strong>qui</strong></span> <span class='ocrx_word' id='word_1_714' title='bbox 3553 5023 3628 5077; x_wconf 85' lang='lat' dir='ltr'><strong>ad</strong></span> <span class='ocrx_word' id='word_1_715' title='bbox 3653 5038 3810 5077; x_wconf 60' lang='lat' dir='ltr'><strong>orna.</strong></span> 
     </span>
    </p>
   </div>
   <div class='ocr_carea' id='block_1_98' title="bbox 2220 5113 3809 5186">
    <p class='ocr_par' dir='ltr' id='par_1_98' title="bbox 2220 5113 3809 5186">
     <span class='ocr_line' id='line_1_98' title="bbox 2220 5113 3809 5186; baseline -0.001 -15"><span class='ocrx_word' id='word_1_716' title='bbox 2220 5124 2464 5171; x_wconf 88' lang='lat' dir='ltr'><strong>mentum</strong></span> <span class='ocrx_word' id='word_1_717' title='bbox 2493 5113 2750 5170; x_wconf 75' lang='lat' dir='ltr'><strong>Ecclesiae</strong></span> <span class='ocrx_word' id='word_1_718' title='bbox 2774 5114 3003 5170; x_wconf 88' lang='lat' dir='ltr'><strong>internis</strong></span> <span class='ocrx_word' id='word_1_719' title='bbox 3032 5114 3309 5186; x_wconf 85' lang='lat' dir='ltr'><strong>mysteriis</strong></span> <span class='ocrx_word' id='word_1_720' title='bbox 3343 5115 3503 5186; x_wconf 91' lang='lat' dir='ltr'><strong>quasi</strong></span> <span class='ocrx_word' id='word_1_721' title='bbox 3542 5116 3602 5170; x_wconf 83' lang='lat' dir='ltr'><strong>in</strong></span> <span class='ocrx_word' id='word_1_722' title='bbox 3633 5131 3809 5171; x_wconf 88' lang='lat' dir='ltr'><strong>secre-</strong></span> 
     </span>
    </p>
   </div>
   <div class='ocr_carea' id='block_1_99' title="bbox 2221 5204 3810 5277">
    <p class='ocr_par' dir='ltr' id='par_1_99' title="bbox 2221 5204 3810 5277">
     <span class='ocr_line' id='line_1_99' title="bbox 2221 5204 3810 5277; baseline 0.001 -17"><span class='ocrx_word' id='word_1_723' title='bbox 2221 5205 2291 5261; x_wconf 88' lang='lat' dir='ltr'><strong>tis</strong></span> <span class='ocrx_word' id='word_1_724' title='bbox 2322 5205 2620 5261; x_wconf 91' lang='lat' dir='ltr'><strong>sanctuarii</strong></span> <span class='ocrx_word' id='word_1_725' title='bbox 2640 5220 2836 5261; x_wconf 89' lang='lat' dir='ltr'><strong>vacare</strong></span> <span class='ocrx_word' id='word_1_726' title='bbox 2864 5204 3180 5261; x_wconf 90' lang='lat' dir='ltr'><strong>debuerant.</strong></span> <span class='ocrx_word' id='word_1_727' title='bbox 3217 5204 3300 5260; x_wconf 83' lang='lat' dir='ltr'><strong>Ad</strong></span> <span class='ocrx_word' id='word_1_728' title='bbox 3322 5206 3426 5262; x_wconf 90' lang='lat' dir='ltr'><strong>hoc</strong></span> <span class='ocrx_word' id='word_1_729' title='bbox 3464 5206 3665 5277; x_wconf 88' lang='lat' dir='ltr'><strong>quippe</strong></span> <span class='ocrx_word' id='word_1_730' title='bbox 3689 5222 3810 5262; x_wconf 84' lang='lat' dir='ltr'><strong>san-</strong></span> 
     </span>
    </p>
   </div>
   <div class='ocr_carea' id='block_1_100' title="bbox 2221 5297 3810 5370">
    <p class='ocr_par' dir='ltr' id='par_1_100' title="bbox 2221 5297 3810 5370">
     <span class='ocr_line' id='line_1_100' title="bbox 2221 5297 3810 5370; baseline 0 -18"><span class='ocrx_word' id='word_1_731' title='bbox 2221 5297 2414 5369; x_wconf 89' lang='lat' dir='ltr'><strong>ctuarii</strong></span> <span class='ocrx_word' id='word_1_732' title='bbox 2443 5297 2650 5370; x_wconf 89' lang='lat' dir='ltr'><strong>lapides</strong></span> <span class='ocrx_word' id='word_1_733' title='bbox 2674 5297 2875 5354; x_wconf 87' lang='lat' dir='ltr'><strong>ﬁebant</strong></span> <span class='ocrx_word' id='word_1_734' title='bbox 2901 5305 2963 5352; x_wconf 90' lang='lat' dir='ltr'><strong>ut</strong></span> <span class='ocrx_word' id='word_1_735' title='bbox 2986 5297 3130 5352; x_wconf 91' lang='lat' dir='ltr'><strong>intra</strong></span> <span class='ocrx_word' id='word_1_736' title='bbox 3169 5304 3360 5352; x_wconf 88' lang='lat' dir='ltr'><strong>sancta</strong></span> <span class='ocrx_word' id='word_1_737' title='bbox 3389 5306 3706 5353; x_wconf 87' lang='lat' dir='ltr'><strong>sanctorum</strong></span> <span class='ocrx_word' id='word_1_738' title='bbox 3758 5299 3810 5352; x_wconf 86' lang='lat' dir='ltr'><strong>in</strong></span> 
     </span>
    </p>
   </div>
   <div class='ocr_carea' id='block_1_101' title="bbox 2221 5387 3812 5460">
    <p class='ocr_par' dir='ltr' id='par_1_101' title="bbox 2221 5387 3812 5460">
     <span class='ocr_line' id='line_1_101' title="bbox 2221 5387 3812 5460; baseline 0 -14"><span class='ocrx_word' id='word_1_739' title='bbox 2221 5391 2548 5447; x_wconf 91' lang='lat' dir='ltr'><strong>vestimento</strong></span> <span class='ocrx_word' id='word_1_740' title='bbox 2569 5390 2766 5447; x_wconf 90' lang='lat' dir='ltr'><strong>summi</strong></span> <span class='ocrx_word' id='word_1_741' title='bbox 2792 5389 3092 5446; x_wconf 90' lang='lat' dir='ltr'><strong>sacerdotis</strong></span> <span class='ocrx_word' id='word_1_742' title='bbox 3133 5399 3482 5460; x_wconf 87' lang='lat' dir='ltr'><strong>apparerent.</strong></span> <span class='ocrx_word' id='word_1_743' title='bbox 3512 5387 3649 5445; x_wconf 90' lang='lat' dir='ltr'><strong>Cum</strong></span> <span class='ocrx_word' id='word_1_744' title='bbox 3684 5404 3812 5446; x_wconf 79' lang='lat' dir='ltr'><strong>vero</strong></span> 
     </span>
    </p>
   </div>
   <div class='ocr_carea' id='block_1_102' title="bbox 2222 5480 3814 5554">
    <p class='ocr_par' dir='ltr' id='par_1_102' title="bbox 2222 5480 3814 5554">
     <span class='ocr_line' id='line_1_102' title="bbox 2222 5480 3814 5554; baseline -0.004 -14"><span class='ocrx_word' id='word_1_745' title='bbox 2222 5483 2457 5540; x_wconf 90' lang='lat' dir='ltr'><strong>ministri</strong></span> <span class='ocrx_word' id='word_1_746' title='bbox 2486 5483 2760 5554; x_wconf 85' lang='lat' dir='ltr'><strong>religionis</strong></span> <span class='ocrx_word' id='word_1_747' title='bbox 2803 5497 2834 5536; x_wconf 93' lang='lat' dir='ltr'><strong>a</strong></span> <span class='ocrx_word' id='word_1_748' title='bbox 2864 5480 3093 5538; x_wconf 91' lang='lat' dir='ltr'><strong>subditis</strong></span> <span class='ocrx_word' id='word_1_749' title='bbox 3127 5481 3390 5537; x_wconf 87' lang='lat' dir='ltr'><strong>honorem</strong></span> <span class='ocrx_word' id='word_1_750' title='bbox 3430 5480 3814 5552; x_wconf 81' lang='lat' dir='ltr'><strong>Redemptoris</strong></span> 
     </span>
    </p>
   </div>
   <div class='ocr_carea' id='block_1_103' title="bbox 2224 5573 3812 5647">
    <p class='ocr_par' dir='ltr' id='par_1_103' title="bbox 2224 5573 3812 5647">
     <span class='ocr_line' id='line_1_103' title="bbox 2224 5573 3812 5647; baseline -0.001 -16"><span class='ocrx_word' id='word_1_751' title='bbox 2224 5577 2307 5632; x_wconf 89' lang='lat' dir='ltr'><strong>sui</strong></span> <span class='ocrx_word' id='word_1_752' title='bbox 2338 5593 2402 5632; x_wconf 84' lang='lat' dir='ltr'><strong>ex</strong></span> <span class='ocrx_word' id='word_1_753' title='bbox 2436 5576 2630 5634; x_wconf 91' lang='lat' dir='ltr'><strong>merito</strong></span> <span class='ocrx_word' id='word_1_754' title='bbox 2679 5577 2804 5631; x_wconf 58' lang='lat' dir='ltr'><strong>vitae</strong></span> <span class='ocrx_word' id='word_1_755' title='bbox 2851 5590 2957 5630; x_wconf 92' lang='lat' dir='ltr'><strong>non</strong></span> <span class='ocrx_word' id='word_1_756' title='bbox 3001 5575 3243 5647; x_wconf 83' lang='lat' dir='ltr'><strong>exigunt,</strong></span> <span class='ocrx_word' id='word_1_757' title='bbox 3275 5573 3574 5630; x_wconf 88' lang='lat' dir='ltr'><strong>sanctuarii</strong></span> <span class='ocrx_word' id='word_1_758' title='bbox 3605 5573 3812 5646; x_wconf 85' lang='lat' dir='ltr'><strong>lapides</strong></span> 
     </span>
    </p>
   </div>
   <div class='ocr_carea' id='block_1_104' title="bbox 2224 5665 3815 5738">
    <p class='ocr_par' dir='ltr' id='par_1_104' title="bbox 2224 5665 3815 5738">
     <span class='ocr_line' id='line_1_104' title="bbox 2224 5665 3815 5738; baseline -0.002 -14"><span class='ocrx_word' id='word_1_759' title='bbox 2224 5669 2279 5724; x_wconf 92' lang='lat' dir='ltr'><strong>in</strong></span> <span class='ocrx_word' id='word_1_760' title='bbox 2307 5679 2623 5725; x_wconf 90' lang='lat' dir='ltr'><strong>ornamento</strong></span> <span class='ocrx_word' id='word_1_761' title='bbox 2643 5665 2916 5738; x_wconf 86' lang='lat' dir='ltr'><strong>pontiﬁcis</strong></span> <span class='ocrx_word' id='word_1_762' title='bbox 2941 5682 3046 5722; x_wconf 91' lang='lat' dir='ltr'><strong>non</strong></span> <span class='ocrx_word' id='word_1_763' title='bbox 3075 5677 3221 5722; x_wconf 88' lang='lat' dir='ltr'><strong>sunt.</strong></span> <span class='ocrx_word' id='word_1_764' title='bbox 3251 5668 3352 5735; x_wconf 88' lang='lat' dir='ltr'><strong>Qui</strong></span> <span class='ocrx_word' id='word_1_765' title='bbox 3386 5667 3648 5722; x_wconf 85' lang='lat' dir='ltr'><strong>nimirum</strong></span> <span class='ocrx_word' id='word_1_766' title='bbox 3685 5681 3815 5721; x_wconf 81' lang='lat' dir='ltr'><strong>san-</strong></span> 
     </span>
    </p>
   </div>
   <div class='ocr_carea' id='block_1_105' title="bbox 2226 5757 3817 5840">
    <p class='ocr_par' dir='ltr' id='par_1_105' title="bbox 2226 5757 3817 5840">
     <span class='ocr_line' id='line_1_105' title="bbox 2226 5757 3817 5840; baseline -0.001 -23"><span class='ocrx_word' id='word_1_767' title='bbox 2226 5760 2421 5817; x_wconf 88' lang='lat' dir='ltr'><strong>ctuarii</strong></span> <span class='ocrx_word' id='word_1_768' title='bbox 2447 5760 2654 5830; x_wconf 90' lang='lat' dir='ltr'><strong>lapides</strong></span> <span class='ocrx_word' id='word_1_769' title='bbox 2677 5759 2906 5829; x_wconf 88' lang='lat' dir='ltr'><strong>dispersi</strong></span> <span class='ocrx_word' id='word_1_770' title='bbox 2928 5773 3027 5840; x_wconf 88' lang='lat' dir='ltr'><strong>per</strong></span> <span class='ocrx_word' id='word_1_771' title='bbox 3053 5758 3264 5830; x_wconf 87' lang='lat' dir='ltr'><strong>plateas</strong></span> <span class='ocrx_word' id='word_1_772' title='bbox 3284 5757 3487 5827; x_wconf 77' lang='lat' dir='ltr'><strong>iacent,</strong></span> <span class='ocrx_word' id='word_1_773' title='bbox 3519 5773 3646 5816; x_wconf 87' lang='lat' dir='ltr'><strong>cum</strong></span> <span class='ocrx_word' id='word_1_774' title='bbox 3690 5773 3817 5830; x_wconf 83' lang='lat' dir='ltr'><strong>per-</strong></span> 
     </span>
    </p>
   </div>
   <div class='ocr_carea' id='block_1_106' title="bbox 2227 5843 3784 5921">
    <p class='ocr_par' dir='ltr' id='par_1_106' title="bbox 2227 5843 3784 5921">
     <span class='ocr_line' id='line_1_106' title="bbox 2227 5843 3784 5921; baseline -0.004 -9"><span class='ocrx_word' id='word_1_775' title='bbox 2227 5843 2375 5912; x_wconf 67' lang='lat' dir='ltr'><strong>sonae</strong></span> <span class='ocrx_word' id='word_1_776' title='bbox 2402 5868 2686 5909; x_wconf 88' lang='lat' dir='ltr'><strong>sacrorum</strong></span> <span class='ocrx_word' id='word_1_777' title='bbox 2724 5849 2976 5908; x_wconf 89' lang='lat' dir='ltr'><strong>ordinum</strong></span> <span class='ocrx_word' id='word_1_778' title='bbox 3010 5849 3346 5921; x_wconf 90' lang='lat' dir='ltr'><strong>voluptatum</strong></span> <span class='ocrx_word' id='word_1_779' title='bbox 3367 5866 3592 5907; x_wconf 86' lang='lat' dir='ltr'><strong>suarum</strong></span> <span class='ocrx_word' id='word_1_780' title='bbox 3622 5851 3784 5908; x_wconf 86' lang='lat' dir='ltr'><strong>latitu</strong></span> 
     </span>
    </p>
   </div>
  </div>
