4056 6336
227 395 372 450 1249

1053 423 1056 426 ~
1115 388 1486 448 EXPOSITIO
1523 385 1752 445 SUPER
1788 383 2157 442 JEBEMIAM.
2197 383 2431 441 —.LlB.
2475 379 2622 435 ΧΧ..
2658 419 2663 424 -

228 509 345 568 dini
398 505 609 572 deditae,
647 505 889 560 terrenis
916 504 1149 576 negotiis
1174 505 1456 559 inhaerent.
1509 502 1578 557 Et
1612 509 1811 557 notan—
1837 502 1888 562 Α
1913 498 1970 554 in
1995 499 2212 554 deserto
2238 497 2477 568 gentium
2524 491 2952 563 persequebatur
2996 495 3218 559 propter
3249 486 3494 558 Evange-

230 602 360 656 dum
385 600 529 669 quod
554 615 663 656 non
688 599 790 654 hos
818 598 1092 670 dispersos
1117 598 1169 651 in
1191 597 1402 668 plateis,
1429 595 1525 651 sed
1552 595 1608 650 in
1636 594 1814 664 capite

229 691 534 763 platearum
561 691 712 756 dicit,
753 690 879 760 quia
917 699 972 746 et
998 705 1120 746 cum
1143 697 1373 759 terrena
1404 694 1589 756 agunt,
1619 684 1814 743 summi

231 781 407 838 videri
429 789 709 852 appetunt,
737 789 798 835 ut
821 790 877 836 et
899 781 1011 835 lata
1043 780 1240 834 itinera
1281 787 1502 834 teneant
1547 791 1616 832 ex
1667 775 1816 832 volu-

233 881 384 943 ptate
412 871 813 938 delectationis,
843 879 899 927 et
927 880 1105 926 tamen
1137 871 1191 925 in
1222 870 1528 940 platearum
1580 869 1691 923 sint
1733 882 1818 923 ca-

233 963 349 1034 pite
367 979 435 1021 ex
464 963 670 1019 honore
691 962 1024 1018 sanctitatis.
1070 961 1216 1017 Nihil
1269 975 1484 1032 quoque
1515 961 1717 1024 obstat,
1770 957 1818 1014 si

235 1053 532 1109 sanctuarii
557 1051 765 1123 lapides
792 1053 1008 1108 eosdem
1031 1052 1194 1123 ipsos,
1227 1053 1422 1122 quibus
1445 1059 1820 1108 constructum

237 1142 608 1198 sanctuarium
628 1142 914 1208 existebat,
947 1143 1258 1213 accipimus.
1275 1142 1377 1210 Qui
1407 1142 1632 1213 dispersi
1656 1141 1710 1195 in
1732 1156 1822 1196 ca-

237 1235 352 1305 pite
398 1233 705 1306 platearum
745 1232 952 1302 jacent,
1003 1236 1219 1305 quando
1249 1249 1532 1292 sacrorum
1570 1234 1822 1290 ordinum

237 1327 344 1382 viri
397 1328 630 1384 terrenis
678 1329 891 1384 actibus
938 1343 1006 1383 ex
1056 1329 1328 1386 desiderio
1383 1329 1704 1394 inserviunt,
1755 1343 1822 1383 ex

240 1432 472 1488 quorum
496 1419 649 1488 prius
671 1418 848 1475 ofﬁcio
879 1419 1188 1488 sanctitatis
1214 1420 1384 1492 gloria
1422 1429 1568 1476 stare
1603 1419 1821 1475 videba-

241 1509 352 1568 tur.
390 1512 685 1572 Saecularia
712 1515 898 1586 itaque
927 1517 1143 1587 negotia
1177 1516 1464 1588 aliquando
1488 1533 1555 1573 ex
1579 1533 1825 1588 compas-

242 1606 396 1661 sione
443 1606 721 1662 toleranda
761 1616 907 1676 sunt,
954 1604 1231 1680 nunquam
1259 1625 1390 1666 vero
1420 1626 1488 1666 ex
1521 1626 1705 1666 amore
1741 1626 1825 1666 re-

243 1697 530 1767 quirenda,
582 1714 651 1754 ne
701 1715 822 1755 cum
879 1710 1118 1758 mentem
1181 1701 1451 1774 diligentis
1506 1692 1825 1774 aggravant,

245 1788 389 1844 hanc
415 1804 513 1846 suo
539 1789 735 1847 victam
759 1791 999 1863 pondere
1024 1793 1092 1848 ad
1122 1793 1230 1850 ima
1258 1794 1324 1850 de
1345 1793 1659 1851 coelestibus
1685 1808 1827 1851 mer-

248 1888 400 1954 gant.

252 1997 267 2023 ι,
318 1973 471 2029 ΒεεΙι.
508 1991 528 2028 ι
557 1974 679 2031 Filii
737 1975 867 2032 Sion
899 1975 1088 2048 inclyti
1134 1984 1191 2034 et
1239 1977 1424 2034 amicti
1464 1993 1598 2034 auro
1623 1978 1824 2049 primo,

252 2082 275 2118 ‹
308 2067 576 2136 quomodo
621 2067 852 2138 reputati
892 2075 1019 2124 sunt
1059 2067 1118 2124 in
1143 2083 1275 2124 vasa
1311 2076 1505 2136 testea,
1557 2084 1692 2138 opus
1718 2084 1831 2123 ma-

254 2176 275 2210 ‹
313 2173 476 2213 nuum
509 2158 692 2230 ﬁguli?
722 2179 740 2211 ι
775 2159 858 2215 Ad
883 2161 1133 2217 eumdem
1163 2175 1381 2217 sensum
1416 2162 1532 2216 hac
1561 2160 1831 2216 sententia

249 2250 508 2319 pertinet,
537 2249 605 2304 ad
629 2266 789 2322 quem
817 2253 1083 2322 superior,
1117 2253 1260 2322 quod
1292 2252 1387 2307 ﬁlii
1436 2252 1692 2308 Ecclesiae
1737 2252 1832 2322 qui

250 2338 436 2411 inclyti
472 2339 691 2396 fuerunt
727 2342 1026 2398 Christiana
1075 2344 1357 2415 religione,
1396 2352 1451 2400 et
1503 2344 1680 2399 ornati
1739 2359 1830 2398 sa-

249 2430 466 2501 pientiae
507 2430 734 2504 fulgore,
761 2441 818 2487 et
853 2431 1047 2489 decore
1082 2434 1365 2500 virtutum,
1414 2449 1560 2489 nunc
1606 2434 1833 2489 emolliti

253 2527 560 2584 carnalibus
588 2527 889 2594 desideriis,
921 2536 976 2584 et
1007 2530 1235 2585 terrenis
1263 2529 1649 2599 cupiditatibus
1679 2529 1830 2584 tabe-

253 2615 404 2682 facti,
434 2619 578 2673 vasis
600 2620 787 2675 testeis
812 2631 1193 2692 comparentur
1228 2637 1348 2692 qua:
1378 2621 1674 2678 Dominicaa
1708 2636 1834 2677 cor-

255 2709 514 2780 reptionis
537 2711 690 2782 virga
716 2712 772 2767 in
801 2710 982 2767 futuro
1025 2713 1274 2768 examine
1297 2721 1586 2768 conterens
1611 2710 1834 2782 frangit,

257 2808 311 2854 et
334 2799 402 2854 ad
429 2799 658 2855 nihilum
683 2802 897 2873 redigit,
933 2803 1120 2858 taliter
1164 2810 1225 2858 ut
1251 2820 1360 2858 non
1408 2803 1635 2858 inveniri
1666 2803 1840 2873 possit

256 2889 505 2962 fragmen
558 2898 709 2947 testae
751 2907 858 2962 quo
910 2893 1174 2963 igniculus
1228 2893 1358 2950 ferri
1406 2894 1580 2964 possit
1635 2893 1701 2949 de
1753 2893 1837 2948 in-

257 2997 289 3036 c
324 2982 414 3036 ndi
456 3023 470 3036 .

289 2997 518 3107 eGirgel.
553 3071 574 3104 ‹
607 3051 712 3109 Sed
748 3061 802 3108 et
829 3054 1006 3110 lamiae
1029 3056 1371 3111 nudaverunt
1396 3071 1709 3123 mammam,
1753 3055 1838 3110 la-

263 3163 282 3194 ς
327 3151 612 3199 ctaverunt
641 3144 846 3200 catulos
871 3160 1018 3200 suos.
1047 3165 1067 3198 ι
1091 3145 1156 3200 In
1190 3145 1352 3202 lamia
1389 3146 1588 3217 quippe
1614 3146 1839 3217 duplici-

1915 591 2050 648 lium
2077 589 2300 647 Christi.
2333 588 2487 657 Quod
2514 595 2569 643 et
2604 586 2721 656 ipsa
2750 584 2965 639 Veritas
3009 581 3220 636 videtur
3247 580 3327 636 eis
3351 594 3491 648 prae-
3530 603 3532 634 ς

1916 682 2170 738 nuntiare
2197 696 2320 735 cum
2345 681 2421 734 ait
2449 693 2464 732 :
2504 696 2523 730 ι
2560 677 2688 732 Haec
2718 676 2932 731 locutus
2957 689 3074 728 sum
3102 671 3274 737 vobis,
3296 679 3358 725 ut
3383 684 3491 724 non

1917 767 2382 827 scandalizemini.
2421 767 2640 837 Absque
2684 765 2973 837 synagogis
3010 763 3210 818 facient
3239 776 3354 817 vos.
3389 758 3498 816 Sed

1916 861 2070 916 venit
2092 861 2252 926 hora,
2277 867 2340 915 ut
2362 857 2540 914 omnis
2571 857 2664 926 qui
2712 854 2967 910 interﬁcit
2998 868 3093 909 vos
3119 851 3413 908 arbitretur
3440 864 3500 905 se

1918 953 2238 1023 obsequium
2265 959 2528 1022 praestare
2548 947 2680 1004 Deo.
2705 947 2773 1002 Et
2797 947 2914 1002 haac
2933 945 3136 1002 facient
3169 943 3340 1008 vobis,
3373 943 3500 1012 quia

1920 1059 2029 1102 non
2058 1049 2328 1099 noverunt
2349 1040 2566 1095 Patrem
2606 1051 2782 1108 neque
2827 1051 2915 1092 me
2942 1036 3122 1108 (Joan.
3158 1034 3272 1106 xv).
3311 1053 3330 1086 ι
3366 1032 3503 1087 Fru—

1921 1143 2035 1194 stra
2089 1147 2219 1204 ergo
2267 1131 2482 1187 laborat
2523 1127 2672 1184 nullo
2714 1127 2911 1182 timore
2954 1132 3201 1196 cogente,
3228 1123 3354 1193 quia
3381 1136 3504 1178 cum
3535 1171 3538 1174 .

1925 1225 2200 1291 Christum
2236 1229 2519 1293 persecuta
2548 1229 2654 1286 est,
2705 1216 2859 1288 quasi
2906 1228 3211 1271 eversorem
3250 1213 3423 1284 gentis
3451 1219 3510 1267 et

1924 1315 2319 1370 destructorem
2359 1310 2534 1382 regni,
2560 1323 2661 1364 nec
2696 1315 2896 1363 statum
2927 1305 3099 1376 regni,
3144 1317 3246 1358 nec
3279 1302 3504 1357 salutem

1925 1408 2102 1481 gentis
2126 1405 2381 1470 servavit,
2413 1403 2509 1458 sed
2546 1388 2718 1473 magis
2758 1397 3012 1471 perdidit.
3061 1395 3196 1451 Nam
3221 1395 3508 1467 pontifices

1925 1507 1982 1554 et
2009 1496 2289 1560 Pharisaei,
2340 1495 2482 1550 sicut
2523 1491 3163 1562 Evangeliumtestatur,
3217 1485 3507 1541 concilium

1929 1590 2190 1645 adversus
2222 1586 2408 1643 Jesum
2460 1583 2793 1656 colligentes,
2839 1580 3136 1636 dixerunt:
3177 1595 3195 1629 ι
3237 1576 3376 1643 Quid
3432 1574 3513 1630 fa-

1930 1682 2124 1748 cimus,
2153 1680 2278 1750 quia
2304 1678 2392 1733 bic
2414 1677 2580 1732 homo
2613 1673 2783 1729 multa
2821 1672 2972 1744 signa
3011 1669 3176 1725 facit?
3201 1669 3248 1724 si
3283 1666 3510 1723 dimitti-

1929 1788 2050 1830 mus
2075 1787 2218 1838 eum,
2251 1771 2331 1826 sic
2357 1782 2546 1824 omnes
2567 1767 2789 1822 credent
2811 1764 2869 1820 in
2897 1779 3019 1819 eum
3046 1781 3058 1817 :
3083 1770 3140 1817 et
3161 1760 3379 1816 venient
3407 1759 3514 1814 Ro-

1851 1879 1900 1940 Β
1928 1866 2076 1924 mani
2105 1871 2161 1920 et
2211 1861 2402 1917 tollent
2443 1867 2692 1916 nostrum
2752 1857 2931 1912 locum
2985 1862 3041 1910 et
3061 1861 3276 1924 gentem
3326 1849 3509 1922 (Joan.

1930 1959 2032 2030 ru).
2066 1955 2317 2025 rQuibus
2337 1952 2573 2023 Caipbas
2594 1949 2874 2022 respondit
2903 1965 2918 2002 :
2947 1965 2966 1998 ι
2999 1947 3104 2002 Vos
3129 1943 3518 2015 nescitisquid-

1932 2063 2096 2122 quam
2116 2061 2220 2102 nec
2245 2042 2517 2116 cogitatis,
2542 2041 2668 2112 quia
2698 2037 2915 2110 expedit
2931 2037 3086 2093 vobis
3107 2044 3169 2091 ut
3191 2051 3332 2091 unus
3357 2036 3520 2090 homo

1932 2141 2199 2197 moriatur
2221 2151 2322 2208 pro
2341 2134 2562 2206 populo,
2590 2141 2648 2189 et
2678 2147 2786 2188 non
2813 2139 2925 2187 tota
2952 2144 3083 2201 gens
3102 2138 3310 2200 pereat.
3345 2148 3363 2180 ›
3394 2127 3522 2183 Haec

1933 2233 2310 2306 cogitaverunt
2333 2237 2387 2284 et
2407 2234 2756 2292 erraverunt;
2780 2223 3072 2280 excaecavit
3092 2222 3233 2278 enim
3262 2221 3382 2276 illos
3405 2236 3519 2274 ma-

1934 2324 2052 2379 litia
2086 2335 2298 2387 eorum,
2344 2319 2453 2374 illic
2481 2317 2887 2388 trepidaverunt
2931 2315 3126 2368 timore
3172 2313 3264 2368 ubi
3290 2327 3395 2367 non
3422 2311 3524 2366 fuit

1934 2420 2120 2474 timor.
2147 2414 2206 2470 Si
2232 2413 2466 2470 salutem
2511 2411 2856 2483 quaesissent,
2903 2406 3230 2462 salvatorem
3269 2411 3540 2474 appetere

1937 2511 2270 2569 debuissent.
2307 2528 2326 2560 ‹
2359 2506 2597 2562 Scrutati
2633 2512 2761 2561 sunt
2807 2502 3168 2573 iniquitatem,
3213 2499 3528 2555 defecerunt

1938 2611 2246 2660 scrutantes
2276 2599 2561 2656 scrutinio.
2590 2595 2839 2652 Accessit
2862 2595 3027 2650 homo
3055 2595 3123 2648 ad
3137 2607 3232 2649 cor
3256 2591 3446 2657 altum,
3470 2598 3528 2643 et

1939 2695 2211 2752 exaltatus
2236 2701 2320 2750 est
2346 2692 2508 2747 Deus.
2546 2689 2769 2762 Sagittae
2809 2686 3162 2760 parvulorum
3197 2683 3375 2742 facta:
3400 2688 3526 2740 sunt

1938 2788 2110 2861 plagae
2156 2801 2369 2852 eorum,
2427 2792 2483 2841 et
2527 2799 2626 2855 pro
2675 2782 2847 2838 nihilo
2885 2780 3196 2837 habuerunt
3221 2787 3411 2833 contra
3431 2792 3530 2832 eos

1939 2880 2137 2952 lingua:
2161 2878 2422 2950 ipsorum.
2455 2873 2610 2942 Quod
2640 2874 2942 2929 timuerunt
2966 2870 3144 2942 impii,
3172 2869 3323 2925 venit
3367 2883 3530 2939 super

1941 2987 2037 3028 eos
2062 2989 2075 3025 :
2107 2967 2492 3025 exterminavit
2512 2967 2658 3022 enim
2686 2980 2782 3023 eos
2803 2980 2935 3035 aper
2964 2965 3031 3020 de
3055 2962 3226 3034 sylva,
3263 2968 3319 3016 et
3343 2959 3530 3030 singu-

1942 3061 2074 3118 laris
2106 3061 2256 3116 ferus
2276 3061 2534 3130 depastus
2561 3065 2649 3114 est
2668 3072 2764 3114 eos
2779 3074 2794 3114 :
2810 3065 2867 3112 et
2878 3067 3049 3125 usque
3066 3054 3134 3109 ad
3151 3052 3314 3108 ﬁnem
3339 3065 3530 3105 eorum

1943 3152 2315 3224 perseverabit
2336 3148 2786 3221 desolatio(Psal.
2813 3148 2994 3218 LXIII).
3027 3165 3047 3199 ι
3079 3144 3251 3200 Aliter
3267 3157 3395 3213 ergo
3411 3156 3534 3196 cru—

260 3243 344 3332 tas
395 3234 703 3332 dudaeorum
744 3246 800 3293 et
846 3237 994 3294 ﬁctio
1038 3239 1447 3310 hypocritarum
1492 3240 1835 3310 exprimitur.

1947 3246 2094 3303 deles
2124 3253 2252 3301 sunt
2286 3243 2546 3310 haeretici,
2577 3243 2642 3298 de
2670 3242 2866 3313 quibus
2898 3238 3134 3295 Joannes
3159 3237 3236 3292 ait
3271 3254 3285 3291 :
3323 3255 3340 3288 ι
3374 3235 3534 3289 Exie-

258 3324 444 3380 Lamia
494 3327 695 3384 etenim
741 3328 1036 3384 humanam
1064 3329 1258 3387 faciem
1293 3331 1475 3396 habet,
1508 3332 1602 3387 sed
1642 3337 1859 3402 corpus

258 3416 504 3474 bestiale.
539 3417 631 3475 Sic
660 3428 715 3475 et
734 3421 965 3491 populus
998 3420 1306 3479 Iudaeorum
1353 3425 1694 3494 specietenus
1721 3426 1839 3482 cul-

263 3515 438 3561 turam
468 3507 563 3563 Dei
589 3509 898 3578 simulabat,
952 3513 1048 3569 sed
1083 3513 1254 3570 feroci
1303 3516 1484 3571 animo
1520 3530 1736 3586 semper
1763 3518 1838 3574 illi

1947 3335 2076 3395 runt
2106 3338 2326 3404 anobis,
2360 3338 2454 3393 sed
2498 3353 2604 3392 non
2634 3333 2791 3390 erant
2834 3349 2902 3390 ex
2949 3333 3123 3388 nobis.
3164 3351 3183 3384 ι
3221 3327 3439 3403 (Greg.)
3467 3328 3536 3382 Et

1946 3433 2103 3504 quasi
2130 3431 2364 3486 struthio
2387 3431 2710 3484 indurantur
2735 3428 2802 3482 ad
2827 3425 2967 3481 ﬁlios
2992 3439 3139 3490 suos,
3170 3438 3294 3478 cum
3320 3437 3427 3477 non
3447 3435 3536 3490 pa-

1947 3530 2104 3578 terno
2139 3519 2356 3585 aﬁ‘ectu,
2390 3517 2484 3574 sed
2513 3517 2691 3573 alieno
2715 3516 2894 3570 animo
2915 3529 3010 3570 eos
3034 3514 3288 3568 educant.
3322 3510 3533 3564 Habent

261 3599 566 3654 contrarius
587 3600 874 3656 existebat.
905 3603 1058 3669 Quod
1083 3604 1222 3660 bene
1248 3621 1346 3675 per
1370 3606 1566 3662 Isaiam
1611 3609 1844 3665 ostendi-
1931 3628 2078 3685 ergo
2103 3624 2327 3666 veraces
2350 3609 2596 3680 magistri
2634 3621 2796 3676 super
2842 3603 3132 3674 discipulos
3163 3616 3291 3656 suos
3323 3598 3535 3653 timoris

265 3696 352 3742 tur
366 3705 489 3744 eum
510 3690 707 3765 dicitur
730 3709 744 3746 :
778 3710 798 3744 ‹
819 3692 1050 3764 Populus
1080 3694 1170 3751 hic
1189 3695 1348 3752 labiis
1367 3713 1455 3754 me
1477 3700 1726 3767 honorat,
1749 3715 1844 3757 cor

265 3789 443 3838 autem
470 3799 658 3841 eorum
685 3784 842 3858 longe
861 3795 947 3842 est
973 3803 1004 3842 a
1028 3803 1115 3845 me
1145 3789 1280 3861 (Isa.
1315 3791 1490 3862 xxxx).
1527 3812 1546 3844 ι
1582 3792 1844 3850 Similiter

264 3885 453 3934 Omnes
509 3879 806 3951 hypocrita:
855 3882 909 3936 in
959 3883 1134 3952 prima
1169 3884 1326 3952 facie,
1351 3886 1496 3957 quod
1531 3888 1841 3957 ostendunt,

265 3970 418 4038 quasi
447 3986 514 4027 ex
539 3973 750 4028 ratione
775 3974 1074 4030 sanctitatis
1098 3983 1204 4041 est,
1242 3977 1336 4032 sed
1362 3976 1587 4034 bestiale
1606 3987 1691 4033 est
1717 3993 1844 4034 cor-

263 4064 560 4135 pus,.quod
591 4065 852 4135 sequitur,
885 4067 1011 4138 quia
1035 4066 1192 4124 valde
1214 4067 1401 4141 iniqua
1431 4077 1558 4125 sunt
1595 4084 1717 4143 quae
1747 4073 1847 4129 sub

263 4151 391 4209 boni
422 4154 600 4224 specie
621 4156 935 4214 moliuntur.
963 4158 1196 4216 Possunt
1227 4169 1284 4216 et
1306 4161 1361 4217 in
1401 4162 1564 4219 lamia
1607 4163 1849 4221 haeretici

265 4247 434 4349 accipi
461 4249 554 4319 qui
578 4250 870 4349 humanam
896 4253 1113 4323 quidem
1136 4253 1352 4322 faciem,
1378 4256 1471 4312 sed
1494 4256 1729 4314 belluina
1753 4274 1853 4329 per

265 4340 592 4409 impietatem
609 4343 774 4400 corda
799 4352 1031 4415 gestant.
1063 4345 1129 4401 Hi
1157 4353 1286 4403 tunc
1312 4363 1605 4405 mammam
1624 4351 1850 4419 nudant,

266 4430 480 4498 quando
502 4446 744 4488 errorem
774 4448 931 4489 suum
955 4434 1123 4491 libere
1157 4437 1473 4506 praedicant.
1520 4439 1674 4497 Tunc
1704 4450 1854 4499 catu-

266 4517 348 4574 los
375 4518 596 4587 lactant,
640 4525 856 4591 quando
879 4525 1022 4580 male
1046 4541 1306 4597 sequaces
1333 4530 1683 4600 parvulorum
1731 4534 1853 4590 ani-

266 4624 401 4674 mas,
456 4611 582 4666 dum
633 4628 890 4683 perversa
933 4616 1227 4684 insinuant,
1268 4621 1336 4676 ad
1370 4622 1702 4694 impietatem
1749 4642 1853 4681 nu-

272 4699 480 4756 triendo
528 4703 873 4760 conﬁrmant.
942 4725 962 4758 ‹
1020 4707 1381 4781 Filiapopuli
1429 4713 1537 4768 mei
1595 4714 1850 4784 crudelis,

275 4808 294 4842 ι
327 4793 481 4862 quasi
504 4795 740 4851 struthio
765 4797 819 4852 in
850 4798 1086 4855 deserto.
1126 4820 1145 4853 ι
1177 4799 1329 4858 Sicut
1371 4803 1425 4858 in
1454 4803 1644 4872 lamia,
1677 4805 1757 4861 sic
1797 4814 1854 4862 et

270 4884 323 4939 in
339 4886 644 4944 'struthione
669 4895 724 4944 et
753 4889 899 4946 fictio
924 4890 1235 4949 immanitas
1260 4880 1616 4950 historialiter
1638 4893 1851 4952 Judaao—

271 4993 412 5047 rum,
444 4989 500 5036 et
542 4982 838 5038 secundum
889 4985 1177 5056 mysticum
1224 5001 1444 5042 sensum
1487 4987 1760 5043 simulatio
1798 4995 1854 5044 et

272 5070 638 5130 inhumanitas
684 5075 1090 5146 hypocritarum
1133 5078 1466 5150 designatur,
1520 5080 1612 5151 qui
1652 5079 1854 5150 ﬁngere

273 5165 451 5220 sciunt
475 5168 740 5224 virtutum
764 5185 950 5248 opera,
995 5186 1103 5227 non
1144 5172 1414 5228 veraciter
1440 5187 1621 5245 agere.
1648 5172 1726 5228 De
1751 5175 1857 5230 hoc

275 5256 574 5312 struthione
601 5258 742 5315 inter
763 5261 868 5316 alia
894 5263 1023 5317 etin
1049 5263 1190 5320 libro
1209 5261 1311 5320 Job
1331 5263 1556 5333 legitur:
1578 5282 1598 5315 ε
1634 5263 1856 5320 Indura-

278 5353 366 5399 tur
392 5347 458 5402 ad
487 5347 624 5404 ﬁlios
653 5366 801 5418 suos,
832 5355 986 5424 quasi
1018 5371 1128 5410 non
1170 5356 1279 5412 sint
1299 5356 1380 5411 sui
1409 5353 1553 5430 (Job.
1585 5355 1799 5428 χχχιχ.)
1830 5374 1850 5409 ι

277 5435 500 5493 Frustra
529 5440 814 5510 laboravit,
841 5445 990 5502 nullo
1015 5449 1209 5505 timore
1228 5456 1472 5521 cogente.
1495 5447 1749 5504 lndurata
1772 5457 1859 5506 est

278 5538 408 5594 ergo
423 5529 657 5586 crudelis
685 5547 956 5606 synagoga
993 5536 1302 5594 Judzeorum
1343 5546 1534 5594 contra
1583 5537 1855 5608 apostolos

280 5627 334 5674 et
371 5620 750 5689 prmdicatores
783 5624 918 5681 Novi
948 5626 1300 5697 Testamenti,
1332 5629 1425 5701 qui
1469 5630 1534 5684 de
1562 5629 1676 5699 ipsa
1699 5638 1857 5700 gente

282 5713 390 5768 nati
426 5711 659 5781 fuerant,
701 5717 852 5786 quasi
885 5733 993 5775 non
1021 5731 1205 5777 essent
1228 5721 1314 5777 sui
1334 5721 1450 5785 filii,
1492 5720 1615 5775 odio
1643 5735 1736 5775 eos
1762 5721 1858 5775 ha-

283 5801 433 5870 bens,
473 5814 526 5860 et
552 5813 809 5864 externos
835 5810 1119 5880 deputans,
1151 5813 1445 5868 crudeliter
1496 5809 1618 5868 illos
1656 5811 1858 5882 ubique

1944 3707 2156 3762 viscera
2186 3719 2254 3759 ex
2276 3702 2477 3756 virtute
2506 3698 2824 3766 charitatis:
2851 3693 3146 3769 hypocrita:
3172 3699 3352 3746 autem
3384 3694 3536 3742 tanto

1946 3802 2126 3858 minus
2155 3796 2462 3854 commissis
2493 3794 2596 3851 sibi
2621 3800 2890 3858 metuunt,
2915 3788 3130 3860 quando
3159 3800 3259 3842 nec
3285 3783 3528 3841 sibimet-

1954 3891 2112 3964 ipsis,
2152 3886 2294 3960 qued
2342 3887 2534 3941 timere
2572 3884 2806 3941 debeant
2853 3878 3278 3952 deprehendunt,
3330 3883 3385 3930 et
3412 3875 3539 3944 quia

1962 3981 2240 4042 obduratis
2261 3978 2517 4038 cordibus
2527 3977 2736 4042 vivunt,
2765 3976 2911 4047 ipsos
2933 3971 3099 4028 etiam
3123 3985 3259 4042 quos
3283 3976 3543 4040 generant

1951 4074 2093 4131 ﬁlios
2128 4072 2278 4128 nulla
2321 4071 2523 4141 pietate
2571 4066 2738 4123 debiti
2785 4064 2984 4120 amoris
3014 4067 3332 4134 agnoscunt.
3367 4059 3540 4127 Quem

1955 4167 2101 4226 enim
2155 4162 2440 4221 charitatis
2470 4160 2646 4232 gratia
2684 4173 2791 4212 non
2839 4154 3111 4218 informat,
3143 4160 3202 4207 ut
3231 4150 3539 4223 proximum

1955 4273 2115 4315 suum
2143 4257 2355 4321 doceat,
2380 4251 2592 4308 etiamsi
2618 4250 2733 4321 ipse
2759 4249 2903 4303 hunc
2924 4245 3035 4300 Deo
3063 4244 3249 4315 genuit
3284 4251 3338 4298 et
3361 4249 3543 4300 extra-

1956 4368 2120 4410 neum
2172 4348 2412 4420 respicit,
2441 4356 2502 4402 ut
2549 4343 2792 4416 profecto
2837 4348 2964 4396 sunt
2989 4353 3178 4394 omnes
3221 4334 3538 4408 bypocritae,

1955 4438 2482 4514 quorum-videlicet
2517 4444 2728 4493 mentes
2756 4435 2882 4490 dum
2910 4445 3122 4501 semper
3147 4427 3419 4485 exteriora
3449 4441 3542 4499 ap-

1955 4541 2168 4606 petunt,
2195 4548 2324 4604 erga
2364 4529 2615 4585 affectum
2640 4524 2872 4599 proximi
2899 4521 3044 4577 nulla
3070 4517 3354 4600 charitatis
3394 4522 3542 4570 corn-

1879 4623 1934 4686 D
1958 4626 2211 4698 passione
2239 4622 2579 4679 mollescunt.
2601 4619 2646 4676 0
2675 4633 2838 4687 quam
2884 4613 3066 4670 mollia
3115 4613 3326 4668 viscera
3356 4620 3536 4682 gesta-

1956 4717 2053 4772 bat
2067 4714 2290 4781 Paulus,
2310 4713 2525 4784 quando
2549 4704 2696 4765 circa
2718 4707 2858 4763 ﬁlios
2872 4720 2998 4761 suos
3022 4713 3173 4760 tanto
3185 4711 3319 4758 aestu
3343 4703 3544 4763 amoris

1957 4805 2228 4872 inhiabat,
2260 4804 2446 4860 dicens
2483 4820 2498 4857 :
2536 4819 2556 4853 ι
2617 4799 2771 4855 Nunc
2798 4797 3036 4852 vivimus
3073 4795 3119 4852 si
3164 4809 3261 4850 vos
3307 4795 3462 4856 statis
3487 4793 3541 4857 in

1957 4897 2210 4962 Domino,
2262 4903 2317 4950 et
2362 4892 2516 4973 testis
2542 4899 2624 4947 est
2661 4889 2792 4946 mihi
2827 4889 2990 4953 Deus,
3030 4885 3298 4956 quomodo
3329 4883 3541 4955 cupiam

1958 5003 2057 5062 vos
2110 5001 2301 5044 omnes
2350 4972 2424 5039 in,
2459 4981 2764 5038 visceribus
2811 4977 2939 5035 Jcsu
2987 4975 3190 5033 Christi
3221 4972 3388 5047 (Phil.
3423 4973 3482 5047 l).
3519 4993 3538 5025 ι

1959 5078 2220 5136 Romanis
2238 5090 2452 5148 quoque
2480 5074 2556 5129 ait
2582 5093 2594 5128 :
2625 5092 2644 5130 ί
2673 5071 2853 5128 Testis
2873 5069 3008 5126 mihi
3025 5075 3110 5124 est
3129 5067 3292 5132 Deus,
3322 5067 3408 5122 cui
3431 5080 3544 5121 ser-

1959 5172 2047 5227 vio
2077 5171 2134 5226 in
2171 5169 2364 5240 spiritu
2391 5182 2513 5224 meo
2544 5166 2598 5222 in
2628 5162 2920 5236 Evangelia
2944 5161 3066 5216 Filii
3096 5159 3231 5229 ejus,
3259 5158 3402 5230 quod
3424 5158 3545 5213 sine

1959 5262 2360 5318 intermissione
2383 5257 2700 5314 memoriam
2730 5253 2896 5312 vestri
2926 5253 3068 5310 facio
3097 5267 3311 5324 semper
3341 5251 3395 5306 in
3416 5239 3544 5307 ora;

1959 5355 2196 5412 tionibus
2240 5353 2399 5418 meis,
2450 5352 2743 5407 obsecrans
2780 5349 2825 5406 si
2872 5346 3139 5419 quomodo
3190 5345 3406 5401 tandem
3445 5341 3544 5399 ali-

1960 5448 2178 5517 quando
2203 5459 2526 5515 prosperum
2557 5444 2662 5498 iter
2687 5442 2919 5498 habeam
2939 5441 2996 5496 in
3022 5439 3296 5495 voluntate
3326 5436 3422 5493 Dei
3457 5451 3546 5492 ve-

1959 5536 2142 5592 niendi
2181 5537 2246 5592 ad
2279 5551 2376 5592 vos
2408 5552 2421 5589 :
2451 5535 2698 5591 desidero
2729 5534 2874 5590 enim
2893 5533 3078 5590 videre
3093 5547 3188 5588 vos
3224 5530 3402 5605 (Rom.
3420 5529 3483 5600 ι).
3517 5546 3539 5581 ι

1961 5630 2211 5701 Ephesiis
2236 5629 2432 5701 quippe
2456 5629 2532 5683 ait
2564 5646 2578 5683 :
2620 5646 2638 5680 ι
2672 5627 2805 5683 Peto
2833 5642 2901 5683 ne
2931 5624 3198 5682 deficiatis
3225 5625 3279 5680 in
3319 5621 3544 5678 tribula-

1963 5721 2201 5778 tionibus
2229 5720 2363 5775 meis
2390 5735 2489 5791 pro
2515 5719 2693 5786 vobis,
2722 5733 2842 5790 qua:
2859 5716 3129 5788 estgloria
3159 5723 3336 5771 vestra
3380 5710 3541 5783 (Eph.

1963 5826 2025 5870 ιιι
2049 5811 2089 5866 ἱ.
2124 5829 2142 5864 ι
2175 5810 2314 5866 Ecce
2343 5810 2395 5866 in
2423 5809 2768 5870 tribulatione
2791 5811 3001 5884 positus
3047 5809 3181 5864 alios
3229 5806 3546 5864 exhortatur

3350 371 3491 426 1250
3564 403 3592 428 ο
