4056 6336
507 423 528 440 .
587 378 720 441 iis!

582 589 816 647 ﬁliorum
843 604 1070 647 suorum
1100 603 1252 646 more
1299 587 1668 644 struthionum
1715 587 1896 644 fuerat
1946 587 2168 654 oblitus,

581 683 676 737 sed
708 681 984 740 metuebat
1012 681 1176 737 nimis
1209 696 1279 737 ne
1305 681 1424 751 ejus
1455 680 1703 752 discipuli
1732 681 1787 738 in
1817 681 2178 752 praedicatore.

580 789 681 829 suo
710 781 791 828 tot
814 773 1258 844 persecutionum
1286 773 1484 846 probra
1495 784 1806 840 cernentes,
1831 773 1995 832 ﬁdem
2025 775 2082 832 in
2105 788 2176 832 eo

578 863 942 934 despicerent,
967 871 1158 920 contra
1182 879 1348 934 quem
1373 864 1672 920 innumerae
1700 864 2012 934 passionum
2041 881 2176 924 con-

577 955 816 1011 tumeliae
839 955 1222 1027 praevalerent,
1267 965 1337 1014 et-
1374 955 1582 1013 idcirco
1629 959 1812 1015 minus
1849 959 2067 1016 dolebat
2091 959 2170 1014 .in

578 1047 886 1113 tormentis,
915 1048 1011 1104 sed
1037 1049 1214 1121 magis
1257 1048 1386 1106 ﬁliis
1412 1049 1482 1105 de
1511 1055 1908 1108 tormentorum
1943 1067 2172 1110 suorum

577 1139 876 1202 tentatione
925 1140 1222 1197 metuebat.
1273 1141 1709 1214 Parvipende‘bat
1761 1143 1820 1200 in
1874 1159 1935 1202 se
1980 1145 2170 1219 plagas

577 1235 842 1304 corporis,
873 1236 1000 1292 dum
1017 1234 1336 1294 formidaret
1362 1237 1417 1296 in
1445 1238 1573 1296 ﬁliis
1607 1239 1796 1311 plagas
1816 1242 2016 1302 cordis.
2048 1241 2170 1314 ipse

573 1329 828 1399 patiendo
848 1329 1182 1401 suscipiebat
1206 1331 1431 1387 vulnera
1455 1340 1882 1402 tormentorum;
1909 1335 2005 1390 sed
2025 1334 2169 1391 ﬁlios

575 1421 914 1480 consolando
977 1422 1206 1478 curabat
1265 1423 1492 1479 vulnera
1555 1425 1820 1480 cordium.
1867 1425 2166 1482 Pensemus

572 1526 703 1584 ergo
737 1512 893 1582 cujus
945 1514 1238 1570 cbaritatis
1285 1513 1450 1572 fuerit
1484 1515 1630 1571 inter
1655 1517 1872 1573 dolores
1915 1519 2168 1588 proprios

573 1605 696 1660 aliis
727 1605 996 1673 timuisse,
1017 1621 1312 1677 pensemus
1335 1606 1492 1676 cujus
1523 1608 1808 1664 charitatis
1835 1609 1904 1663 sit
1931 1608 2168 1665 ﬁliorum

571 1695 804 1752 salutem
844 1697 987 1752 inter
1011 1711 1108 1752 sua
1138 1697 1472 1754 detrimenta
1507 1694 1809 1769 i'equirere,
1857 1708 1913 1754 et
1963 1708 2166 1757 statum

571 1789 771 1844 mentis
799 1788 855 1842 in
882 1789 1150 1858 proximis
1175 1789 1346 1844 etiam
1395 1799 1452 1846 et
1501 1805 1599 1846 sua
1649 1791 1954 1862 dejectione
1981 1801 2166 1850 custo-

1145 389 1156 396 '
1228 379 1290 438 Β.
1329 379 1584 438 RABANI
1616 379 1842 456 MAUBI
1875 377 2198 441 ARCHIEP.
2238 373 2550 436 IOGUNT.
2593 373 2880 436 OPERUII
2917 371 3098 434 PARS
3131 375 3218 434 iii.

581 499 704 554 etin
729 499 841 554 hoc
861 496 1008 568 quod
1037 497 1154 569 ipse
1174 495 1428 563 sustinet,
1459 495 1596 552 alios
1621 497 1862 554 roborat.
1884 493 2001 555 Non
2019 495 2169 552 enim
2193 495 2249 562 Α
2272 491 2511 559 fortiaet
2529 491 2746 548 occulta
2767 506 3120 565 cognoscere,
3151 491 3450 550 multorum
3478 507 3631 550 vero
3651 493 3952 550 historia

3807 377 3954 434 ΗΞιὶ

2275 591 2460 655 aperta
2499 585 2726 650 sentire;
2754 585 2959 642 idcirco
2985 584 3184 642 indica:
3216 587 3428 646 nobiles
3469 604 3594 645 non
3641 589 3805 652 siti,
3855 590 3948 644 sed

2273 673 2416 730 fame
2444 674 2696 731 interisse
2725 675 2941 741 asserit,
2967 675 3096 747 quia
3123 677 3180 732 hi
3204 677 3296 748 qui
3341 692 3592 748 pauesce
3624 678 3947 734 videbari-

2278 779 2386 839 tur,
2408 773 2538 837 dum
2565 778 2706 826 totos
2729 783 2789 825 se
2809 769 2865 826 in
2894 771 3156 826 exteriori
3178 769 3566 842 intelligentia
3591 774 3939 848 deder-alt,
3996 761 3997 764 ¹

2271 866 2417 938 quod
2459 866 2527 921 de
2557 864 2765 924 intimis
2812 862 3099 937 [minimis]
3127 864 3474 925 discutienda
3525 869 3936 940 Mra-1,

2270 971 2381 1018 non
2418 957 2712 1016 habebant.
3449 1010 3454 1014 .
3547 1013 3554 1016 .

2345 1051 2492 1108 Tllet.
2526 1069 2546 1103 ι
2583 1048 2699 1118 'Qui
2761 1049 3120 1108 vescebantur
3163 1047 3488 1122 voluptuose
3543 1050 3930 1112 interierat

2275 1162 2296 1196 ι
2327 1143 2383 1200 in
2411 1141 2538 1208 viis;
2561 1141 2656 1214 qui
2686 1140 3068 1198 nutriebantnr
3086 1141 3148 1196 in
3165 1140 3399 1208 croceis,
3419 1141 3766 1212 amplexaﬁ
3793 1156 3923 1202 ω

2269 1242 2535 1294 stercora.
2571 1253 2590 1288 ι
2627 1231 2920 1304 (illusus)
2959 1229 3062 1300 Qui
3089 1240 3214 1294 sunt
3253 1231 3331 1292 illi
3377 1232 3476 1304 qni
3509 1236 3920 1294 vescentium

2267 1323 2606 1396 voluptuose,
2629 1321 2734 1380 nisi
2766 1321 2868 1392 ipsi
2887 1320 3082 1388 induti,
3112 1323 3202 1393 qui
3233 1337 3454 1395 semper
3483 1327 3766 1386 terrenis
3791 1342 3918 1384 α.-

2268 1417 2618 1488 cupiscentiis
2653 1424 2708 1472 et
2749 1415 2934 1478 saeculi
2977 1414 3343 1486 voluptatibus
3369 1418 3550 1476 dediti
3595 1430 3828 1486 cant.
3861 1433 3918 1479 et

2268 1527 2370 1583 pro
2395 1511 2518 1566 cibo
2554 1517 2611 1578 et
2649 1517 2778 1580 potu
2820 1507 3018 1579 sepius
3039 1511 3477 1575 murmurabant,
3523 1510 3816 1572 diosus
3841 1513 3912 1572 ad
3995 1557 3997 1583 ἰ

2268 1569 2452 1660 ilosen
2500 1618 2514 1656 :
2555 1569 2583 1654 ἰ
2629 1569 2842 1666 ﬁevera
2892 1569 3182 1661 induxistis
3220 1615 3320 1658 nos
3368 1601 3424 1660 in
3995 1569 3997 1694 ξ

2267 1697 2389 1767 linit
2417 1697 2552 1754 rivis
2573 1696 2732 1754 lactis
2755 1703 2813 1751 et
2835 1693 3034 1760 mellis,
3073 1704 3130 1750 et
3155 1694 3351 1755 dedisti
3375 1697 3544 1756 nobis
3584 1701 3907 1770 Μὴ.
3995 1695 3997 1774 ξ

2265 1807 2366 1852 nes
2411 1805 2671 1864 agrorum
2725 1798 2784 1846 et
2811 1789 3094 1862 vinearum
3125 1785 3318 1860 (Nam.
3347 1788 3489 1862 avt).
3527 1807 3554 1844 ι
3591 1791 3674 1848 Et
3700 1793 3846 1850 is.
3877 1811 3894 1848 :

571 1879 710 1934 dire.
741 1879 850 1934 Sed
878 1880 997 1935 haec
1020 1880 1322 1951 hypocrita:
1342 1881 1634 1938 charitatis
1651 1883 1862 1938 viscera
1891 1884 2162 1952 nesciunt,
2191 1892 2242 1954 ι
2272 1901 2292 1934 ‹
2326 1883 2459 1951 Quis
2477 1881 2647 1947 dabit,
2678 1901 2697 1934 ι
2733 1880 2928 1950 inquit,
2957 1897 2977 1931 ι
3005 1879 3163 1935 nobis
3189 1882 3257 1935 ad
3284 1883 3639 1938 vescendum
3655 1887 3892 1941 car-es!

571 1971 700 2040 quia
740 1983 932 2026 eorum
981 1983 1136 2026 mens
1184 1979 1390 2041 quanto
1432 1986 1532 2042 per
1561 1972 1748 2032 mundi
1775 1975 2163 2044 concupiscen-

569 2061 706 2118 tiam
739 2061 798 2118 in
825 2062 1100 2118 exteriora
1129 2063 1442 2132 resolvitur,
1492 2072 1644 2121 tanto
1685 2081 1788 2138 per
1818 2066 2163 2128 affectionem

569 2171 724 2212 suam
751 2156 986 2212 interius
1013 2156 1335 2222 obduratur,
1365 2165 1422 2212 et
1450 2170 1685 2229 corpore
1713 2159 2013 2216 lusensibili
2061 2159 2162 2215 fri-

565 2249 738 2321 gescit
777 2248 1123 2315 intrinsecus,
1160 2249 1290 2320 quia
1330 2261 1518 2304 amore
1563 2249 1858 2306 damnabili
1894 2250 2168 2308 mollescit

565 2339 720 2406 foris,
744 2354 910 2410 seque
925 2344 1101 2411 ipsam
1133 2340 1484 2397 considerare
1509 2356 1620 2398 non
1649 2341 1814 2409 valet,
1853 2343 1980 2414 quia
2011 2343 2165 2416 cogi—

564 2443 685 2488 tare
726 2447 784 2489 se
815 2433 1044 2489 minime
1065 2434 1263 2499 studet,
1293 2435 1536 2506 cogitare
1562 2447 1694 2491 vero
1721 2449 1782 2491 se
1807 2451 1917 2491 non
1957 2446 2160 2508 potest,

563 2525 690 2595 quia
727 2533 839 2581 tota
872 2526 1014 2595 apud
1043 2525 1400 2596 semetipsum
1428 2541 1540 2582 non
1561 2535 1668 2582 est.
1714 2525 1850 2608 liota
1877 2541 2012 2584 vero
2035 2541 2164 2584 esse
2191 2572 2200 2583 κ

562 2617 708 2688 apud
733 2618 1084 2688 semetipsam
1105 2631 1214 2673 non
1248 2617 1466 2686 sufﬁcit,
1495 2615 1625 2689 quia
1654 2634 1752 2690 per
1779 2629 1914 2690 quot
1959 2635 2166 2678 conas-

573 2708 870 2778 piscentias
900 2709 1127 2780 rapitur,
1145 2724 1246 2782 per
1267 2720 1349 2767 tot
1375 2727 1405 2766 a
1433 2713 1724 2783 semetipsa
1751 2715 1964 2784 species
1995 2714 2161 2771 dissi-

572 2809 826 2872 patur,et
837 2816 1026 2873 sparsa
1053 2802 1108 2858 in
1122 2803 1326 2860 inﬁmis
1339 2805 1507 2876 jacet,
1533 2821 1655 2876 qlia:
1677 2805 1902 2863 collecta
1928 2809 1974 2863 si
2003 2807 2164 2866 vellet

574 2894 644 2948 ad
670 2909 882 2950 summa
913 2906 1286 2969 consurgeret.
1319 2897 1474 2956 Unde
1495 2895 1768 2967 iustorum
1809 2915 1985 2969 mens,
2029 2903 2160 2973 quia

565 2999 668 3056 per
705 2987 1011 3044 custodiam
1058 2990 1358 3060 disciplinae
1403 3005 1432 3045 a
1474 2999 1798 3052 cunctorum
1861 2995 2159 3051 visibilium

562 3075 710 3130 fluxu
724 3080 966 3148 appetitu
989 3080 1368 3153 confringitur,
1389 3083 1613 3139 collecta
1635 3085 1778 3155 apud
1809 3085 2160 3157 semetipsam

565 3167 898 3226 intrinsecus
942 3172 1263 3244 integretur,
1310 3173 1592 3244 qualisque
1642 3177 1756 3232 Deo
1797 3179 1883 3234 vel
1906 3180 2160 3249 proximo

559 3351 732 3408 terius
756 3351 1102 3424 derelinquit,
1133 3363 1189 3409 et
1215 3365 1424 3429 quanto
1454 3345 1524 3413 ab
1547 3361 1914 3418 exterioribus
1941 3365 2154 3421 abstra-

557 3449 646 3496 cta
676 3442 1027 3512 conspicitur,
1059 3452 1216 3502 tam
1241 3445 1400 3504 aucta
1422 3449 1480 3504 in
1503 3449 1714 3508 intimis
1753 3451 2147 3525 inﬂammatur,

557 3540 612 3587 et
637 3547 750 3602 quo
774 3535 948 3608 magis
973 3537 1153 3607 avdet,
1183 3554 1256 3597 eo
1278 3541 1348 3598 ad
1386 3542 1840 3616 deprehendenda
1867 3548 2000 3604 vitia
2037 3565 2156 3606 am-

555 3623 700 3696 piius
725 3624 891 3682 lucet.

629 3714 838 3772 Datus.
857 3734 880 3770 σ
899 3715 1142 3778 Adhaesit
1162 3723 1345 3798 lingua
1374 3725 1628 3786 laetantis
1655 3731 1726 3788 ad
1747 3732 2008 3804 palatium
2032 3735 2151 3808 eius

559 3825 579 3860 ι
611 3806 668 3901 in
701 3811 815 3878 siti,
855 3815 1066 3882 parvuli
1097 3819 1374 3887 petierunt
1405 3823 1642 3893 "panem,
1671 3834 1729 3882 et
1755 3843 1862 3884 non
1899 3838 2020 3886 erat
2055 3806 2148 3901 qui

558 3914 580 3992 ξ
621 3897 900 3972 frangeret
919 3905 1022 3958 eis.
1061 3925 1082 3957 ι
1117 3907 1230 3965 Hoc
1280 3920 1406 3966 nota
1437 3913 1595 3985 juxta
1647 3917 1954 3988 historiam,
2001 3897 2150 3992 quod

552 3987 818 4050 lactantes
846 4004 1014 4067 atque
1039 4002 1254 4068 parvuli
1293 4003 1528 4063 infantes
1553 4009 1862 4066 indecorum
1901 3987 2147 4070 destituti

560 4088 796 4136 matrum
835 4091 998 4153 atque
1020 4089 1290 4145 nutricum
1325 4093 1533 4160 solatio,
1571 4095 1713 4152 fame
1739 4107 1794 4155 et
1817 4101 1906 4156 siti
1935 4101 2154 4177 labpra-

553 4171 760 4265 verint;
785 4174 942 4245 juxta
971 4179 1285 4249 allegmiam
1315 4198 1444 4238 vero
1478 4189 1768 4258 signiﬁcat,
1797 4197 1940 4262 quod
1978 4171 2034 4248 iii
2051 4196 2150 4265 qui

557 4261 760 4318 inﬁrmi
799 4267 976 4324 adhuc
1025 4281 1152 4326 sunt
1205 4274 1501 4342 intellectu,
1550 4287 1605 4334 et
1653 4261 1832 4338 minus
1877 4285 2040 4340 validi
2068 4261 2146 4342 ad

551 4354 964 4446 percipiendum
990 4358 1273 4418 fortiorem
1299 4366 1500 4434 cibum,
1531 4371 1783 4438 qualibus
1819 4375 1894 4430 ait
1918 4375 2148 4446 Aposto-

548 4439 634 4496 lus
661 4443 711 4538 (i
729 4443 858 4500 Cor.
889 4448 973 4520 tu)
994 4467 1010 4502 :
1032 4468 1051 4500 ι
1087 4451 1198 4507 Lac
1223 4457 1373 4511 vobis
1399 4458 1522 4513 dedi
1545 4471 1734 4530 potum
1777 4481 1884 4521 non
1937 4439 2141 4538 escam,

549 4535 792 4633 nondum
829 4539 978 4633 enim
1021 4547 1300 4615 poteratis,
1336 4550 1430 4604 sed
1458 4567 1560 4608 nec
1586 4556 1762 4612 adhuc
1794 4560 2012 4630 quidem
2049 4535 2148 4633 po;

2262 1973 2634 2040 Recordemur
2663 1971 2894 2043 piscium
2941 1969 3622 2042 quos'comedebamusin
3645 1975 3884 2048 lapte
3995 1979 3997 2014 ε

2264 2067 2450 2138 gratis,
2479 2067 2534 2122 in
2569 2071 2802 2121 mentem
2831 2063 2986 2128 nobis
3014 2065 3239 2126 veniunt
3271 2079 3694 2138 ψωμοί-αισι
3723 2085 3885 2141 pepo-

2267 2172 2388 2224 nes,
2412 2156 2644 2228 porrigas
2663 2164 2719 2213 et
2739 2171 2888 2226 cepte
2906 2164 2964 2212 et
2981 2155 3130 2212 allia.
3151 2157 3348 2216 Anima
3369 2167 3572 2225 nostra
3593 2162 3766 2217 arida
3783 2173 3876 2222 est.
3996 2157 3997 2160 “

2266 2248 2401 2306 nihil
2435 2248 2580 2304 aliud
2607 2248 2904 2318 respitiunt
2941 2247 3086 2312 oculi
3137 2249 3311 2308 nostri
3355 2250 3469 2306 nisi
3503 2265 3648 2310 mn
3687 2253 3876 2326 (Nu.

2267 2338 2373 2411 xi.)
2404 2357 2422 2392 ι
2449 2359 2468 2391 ί
2502 2339 2607 2410 ipsi
2631 2339 2958 2407 interierunt
2985 2341 3039 2399 in
3066 2339 3191 2407 viis,
3229 2359 3248 2395 ι
3276 2341 3405 2413 quia
3431 2343 3496 2398 in
3521 2343 3648 2402 lata
3675 2358 3735 2402 et
3763 2362 3874 2418 sps-

2267 2432 2408 2495 tiosa
2436 2432 2544 2497 via,
2573 2447 2696 2502 qua
2735 2432 2886 2490 ducit
2927 2433 2997 2489 ad
3021 2440 3280 2501 mortem,
3315 2439 3694 2494 extermimti
3731 2449 3872 2504 sunt,

2269 2539 2290 2576 ι
2317 2521 2387 2578 Et
2434 2522 2530 2592 qui
2583 2521 2966 2580 nutriebantur
2995 2523 3050 2580 in
3088 2525 3320 2593 croceis,
3374 2528 3700 2599 amplexati
3757 2542 3870 2588 salt

2265 2623 2534 2684 stercora,
2568 2634 2589 2670 ι
2619 2630 2744 2675 cum
2773 2631 2972 2674 vanam
3000 2617 3158 2680 istius
3185 2619 3371 2681 mundi
3401 2636 3687 2694 pompam
3720 2640 3870 2695 appe-

2263 2717 2466 2778 tentes,
2503 2716 2560 2772 et
2610 2708 2932 2768 historicum
2977 2709 3327 2771 traditionem
3366 2711 3510 2784 legis
3550 2727 3865 2786 seque-t6.

2261 2799 2568 2871 spiritalem
2619 2799 3031 2870 intelligentiam
3063 2802 3421 2871 spernebant,
3454 2803 3512 2862 iu
3558 2804 3694 2876 ipso
3716 2817 3865 2862 esa-

2266 2891 2414 2949 riore
2439 2890 2639 2952 fmtore
2661 2891 3094 2962 squalescebant.
3126 2893 3283 2962 Quod
3308 2893 3458 2950 enim
3488 2907 3662 2954 vetus
3683 2899 3866 2954 obseri-

2267 2982 2456 3037 vantia
2479 2985 2930 3038 caeremoniarum
2955 2983 3098 3056 legis
3121 2985 3460 3042 stercoribus
3488 2999 3865 3076 comparetur,

2259 3078 2502 3134 ostendit
2521 3076 2720 3133 Paulus
2744 3078 2933 3134 dicens
2967 3096 2981 3133 :
3011 3098 3032 3130 ι
3060 3078 3194 3148 Quae
3215 3091 3350 3152 ergo
3373 3079 3509 3150 mihi
3536 3079 3769 3138 filerunt
3789 3083 3863 3138 iu-

2261 3183 2375 3236 cra,
2415 3176 2640 3241 propter
2687 3169 2962 3226 Christum
3015 3170 3312 3227 arbitratus
3361 3185 3482 3227 sum
3517 3179 3584 3228 ut
3614 3181 3861 3231 stercora

430 3306 441 3314 .
559 3261 901 3325 essedebeat
940 3261 1099 3332 plene
1138 3277 1200 3318 se
1234 3265 1523 3335 conspicit,
1555 3267 1681 3336 quia
1710 3269 1845 3323 nihil
1873 3284 2032 3325 suum
2055 3286 2152 3327 ex-
2255 3259 2424 3334 (PW-
2443 3259 3088 3333 Illi-’Tmpdosicﬂéi‘o
3103 3261 3416 3335 (ιυίωιιειιιθ
3435 3266 3739 3322 avaritiam
3761 3278 3862 3322 ter-

2256 3371 2464 3420 renam,
2491 3362 2549 3410 et
2603 3355 2836 3413 delicias
2877 3355 3220 3427 voluptatum
3256 3366 3496 3426 secutus,
3527 3359 3680 3416 viam
3701 3361 3856 3418 istius

2251 3449 2380 3504 vita:
2424 3447 2764 3506 incorrectns
2807 3449 3129 3521 expleverit,
3179 3464 3292 3506 non
3337 3451 3408 3508 ad
3459 3461 3690 3510 autem
3733 3457 3854 3510 vita

2253 3539 2473 3612 gaudia,
2535 3540 2636 3597 sed
2675 3539 2744 3596 ad
2785 3539 3088 3597 fmditatem
3141 3555 3429 3613 pmnarum
3487 3555 3849 3616 perventurus

2251 3631 2378 3688 erit.
3301 3643 3314 3654 '

2334 3721 2468 3778 Veis.
2505 3741 2526 3776 ι
2551 3724 2621 3780 Et
2642 3723 2815 3796 major
2860 3723 3053 3782 electa
3099 3736 3187 3785 est
3220 3727 3486 3800 iniquitas
3506 3729 3697 3803 populi
3753 3729 3843 3788 ιιιεί

2257 3833 2278 3870 ‹
2311 3826 2537 3888 peccato
2585 3817 2967 3886 Sodomorum,
3009 3834 3134 3892 quae
3187 3821 3447 3878 subversa
3503 3831 3593 3879 est
3646 3827 3700 3880 in
3750 3839 3846 3879 uno

2256 3918 2594 3977 tmomento,
2632 3919 2686 3966 et
2719 3925 2828 3968 non
2864 3920 3126 3982 ceperunt
3164 3913 3218 3966 in
3253 3929 3318 3968 ea
3363 3929 3579 3970 manus.
3614 3936 3636 3968 ι
3680 3915 3845 3985 Major

2252 4017 2384 4074 ergo
2445 4001 2636 4058 eii‘ecta
2693 4013 2781 4060 est
2808 4003 3070 4074 iniquitas
3120 4004 3307 4074 populi
3349 4003 3668 4062 Judzeorum
3719 4023 3843 4080 pec-

2251 4106 2373 4149 eato
2449 4093 2848 4162 Sodomorum,
2909 4091 3036 4166 quia
3095 4096 3173 4151 illi
3233 4097 3610 4164 tantummodo
3673 4098 3843 4176 legem

2249 4187 2574 4255 naturalem,
2618 4187 2707 4243 isti
2753 4196 2938 4244 autem
3002 4197 3058 4244 et
3110 4189 3418 4245 naturalem
3473 4198 3530 4246 et
3576 4193 3843 4263 scriptam

2250 4281 2577 4350 transgressi
2626 4291 2774 4347 sunt,
2825 4281 3074 4338 videntes
3127 4283 3398 4339 mirabilia
3455 4283 3574 4351 Dei,
3612 4296 3674 4340 et
3723 4289 3846 4344 cibo

2247 4368 2456 4426 caelesti
2507 4371 2666 4440 pasti,
2725 4371 2923 4445 ingrati
2977 4361 3194 4444 semper
3246 4374 3364 4444 ejus
3406 4366 3694 4434 beneﬁciis
3755 4398 3845 4437 ex-

2247 4461 2522 4517 stiterunt.
2571 4461 2728 4518 Unde
2752 4473 2808 4518 et
2853 4469 3102 4522 doctores
3140 4481 3328 4522 eorum
3354 4483 3461 4523 non
3491 4479 3763 4541 ceperunt
3796 4473 3842 4526 in

2245 4556 2327 4611 eis
2351 4571 2545 4612 manus
2573 4575 2586 4610 :
2617 4557 2711 4627 qui
2738 4559 3035 4630 condignas
3057 4560 3262 4616 laboris
3289 4563 3372 4618 sui
3398 4563 3452 4618 in
3476 4564 3606 4634 ipsis
3632 4581 3739 4620 non
3767 4567 3843 4622 in-

549 4626 732 4695 testis,
770 4647 788 4680 ι
822 4629 1028 4704 (ϐυ-ια.)
1060 4647 1284 4708 propter
1308 4641 1564 4699 inertiam
1591 4658 1646 4702 et
1673 4611 1934 4706 desidiam
1949 4611 2144 4711 άοοῖο-
2170 4611 2222 4674 D
2246 4657 2510 4703 venerunt
2556 4650 2783 4705 fructus.
2850 4611 2986 4706 Na’m
3040 4654 3214 4724 ipsum
3273 4611 3637 4726 legislattirem
3684 4673 3839 4713 suum

549 4736 690 4786 rum,
720 4723 988 4794 spiritalis
1008 4729 1376 4800 intelligentiae
1409 4747 1602 4794 carent
1630 4741 1905 4800 alimento.
1953 4765 1974 4797 ε
2009 4743 2145 4803 Par-

545 4814 676 4914 vnli,
707 4837 728 4868 ι
768 4819 964 4892 inquit,
997 4840 1026 4872 »ε
1064 4826 1339 4893 petierunt
1378 4845 1596 4902 panem,
1641 4843 1696 4890 et
1743 4853 1848 4892 non
1875 4850 1993 4895 erat
2046 4843 2143 4914 qui

545 4905 823 4981 frangeret
850 4913 952 4979 eis,
991 4933 1016 4968 ι
1047 4917 1102 4972 id
1127 4929 1236 4988 est,
1258 4921 1463 4979 inﬁrmi
1491 4928 1692 4996 quique
1716 4929 2012 5002 Scriptura:
2046 4905 2140 4991 sa-

547 5001 940 5061 ta'agfortiorcs
983 5013 1288 5067 sententias
1345 5017 1623 5084 petierunt
1667 5021 1766 5074 sibi
1817 5001 2137 5092 exponendo

546 5097 863 5164 comminui,
891 5101 988 5156 sed
1011 5105 1104 5174 qui
1127 5119 1404 5176 exponere
1428 5111 1643 5165 studeat
1671 5127 1777 5167 non
1819 5116 1962 5171 valet
1991 5121 2139 5174 inve-

547 5185 673 5241 niri.
708 5187 898 5246 Pomm
928 5193 1080 5262 vidit,
1122 5196 1460 5270 Scriptmm
1492 5217 1700 5257 sacram
1726 5206 1990 5275 propheta
2015 5225 2138 5266 cum

549 5277 754 5374 diceret
785 5301 798 5336 :
830 5303 850 5335 ι
889 5284 1091 5344 Omnes
1139 5289 1410 5360 sitientes,
1447 5293 1632 5350 venite
1681 5297 1748 5351 ad
1799 5313 1968 5367 aquas
2001 5299 2135 5374 (fsa.

546 5369 658 5443 sv).
696 5389 718 5424 ι
750 5373 810 5428 Si
837 5385 998 5447 potus
1049 5383 1224 5453 aperti
1276 5386 1478 5443 mundo
1528 5401 1638 5444 non
1681 5399 1884 5456 essent,
1927 5369 2028 5461 per
2055 5407 2142 5448 se-

547 5463 834 5559 metipsum
867 5469 1079 5528 Veritas
1106 5489 1214 5530 non
1236 5477 1500 5536 clamaret
1529 5499 1544 5536 :
1575 5501 1594 5533 ι
1629 5483 1690 5538 Si
1715 5485 1836 5554 quis
1867 5485 2003 5559 sitit,
2043 5502 2135 5544 ve-

547 5553 663 5610 niat
683 5555 754 5610 ad
883 5567 938 5614 et
958 5562 1447 5650 Abibat(loan.vu).
1480 5591 1498 5624 ι
1531 5571 1699 5640 Quasi
1720 5553 1902 5631 cibum
1945 5553 2000 5632 et
2030 5591 2133 5650 po-

549 5652 664 5700 tum
685 5660 810 5704 esse
837 5648 1107 5708 intellexit
1132 5659 1394 5727 propheta
1419 5661 1620 5721 Judzeze
1645 5665 1879 5723 defuisse
1903 5648 2137 5725 cumdi-

549 5748 698 5798 ceret
735 5762 748 5800 :
778 5765 800 5796 σ
827 5743 1045 5802 Nobiles
1065 5746 1183 5820 ejus
1212 5750 1534 5812 interierunt
1563 5757 1726 5827 fame,
1767 5770 1820 5817 et
1847 5759 2138 5818 multitudo

547 5835 662 5907 eius
709 5841 800 5899 siti
837 5844 1052 5900 exaruit
1091 5843 1227 5918 (Ira.
1283 5850 1361 5921 ν).
1403 5872 1422 5902 ›
1462 5853 1760 5910 Paucorum
1809 5855 2010 5924 quippe
2049 5863 2138 5911 est

2245 4737 2432 4795 Mosen
2462 4741 2710 4812 plurimis
2740 4743 2993 4798 eouvitiis
3035 4743 3416 4812 irritaverant,
3456 4755 3510 4802 ct
3544 4750 3840 4819 prophetas

2242 4833 2339 4890 Dei
2367 4835 2434 4888 ad
2463 4849 2522 4889 se
2549 4836 2743 4890 missos
2772 4839 3045 4906 persecuti
3075 4845 3241 4894 sunt:
3269 4839 3566 4896 novissime
3597 4857 3727 4897 vero
3755 4844 3838 4914 ip-

2240 4941 2362 4984 sum
2387 4926 2680 4992 hmredem,
2713 4928 2816 4984 hoc
2839 4937 2941 4994 est,
2969 4930 3306 5000 unigenitum
3335 4930 3530 4987 Filium
3559 4931 3743 4990 Patris
3771 4935 3838 4990 ad

2241 5031 2301 5074 se
2329 5020 2639 5075 venientem
2681 5027 2740 5073 ut
2763 5033 2858 5076 eos
2885 5019 3124 5076 saivaret
3157 5030 3215 5076 et
3267 5021 3336 5078 ab
3383 5036 3574 5078 errore
3596 5025 3836 5099 corrige-

2241 5119 2348 5178 ret,
2379 5113 2728 5182 spernebant,
2770 5121 2828 5168 et
2867 5113 3098 5171 diversis
3141 5112 3429 5171 calumniis
3464 5115 3831 5188 insequentes,

2240 5206 2310 5260 ad
2340 5215 2648 5262 extremum
2674 5222 2773 5278 per
2791 5207 3049 5263 invidiam
3077 5207 3414 5266 occiderunt.
3461 5211 3712 5280 Qualiter
3738 5231 3830 5270 au-

2242 5307 2353 5354 tem
2384 5297 2645 5370 iniquitas
2673 5298 2983 5356 Iudaeorum
3019 5301 3291 5374 major'sit
3315 5310 3542 5374 peccato
3573 5301 3831 5376 Sodomo-

2243 5405 2386 5456 rum,
2434 5391 2673 5446 ostendit
2697 5391 3052 5462 Evangelium
3097 5393 3190 5450 ubi
3229 5393 3305 5451 ita
3343 5393 3544 5468 legitur
3577 5413 3591 5450 :
3623 5416 3641 5447 ε
3679 5394 3832 5454 Tunc

2242 5482 2408 5554 απερῆ
2435 5481 2592 5538 Jesus
2613 5483 2948 5555 exprobrare
2983 5487 3318 5556 civitatibus,
3344 5491 3399 5546 in
3427 5491 3629 5562 quibus
3676 5489 3833 5547 facta:

2241 5585 2370 5632 sunt
2393 5574 2638 5646 plurimm
2660 5577 2890 5652 virtutes
2915 5577 3056 5650 ejus,
3085 5581 3216 5652 quia
3245 5597 3354 5638 non
3383 5569 3633 5656 egissent
3659 5584 3832 5658 paeni-

2243 5667 2501 5723 tentiam:
2533 5666 2656 5723 cVa:
2682 5667 2776 5724 tibi
2788 5667 3209 5736 ,Corozaim,vae
3233 5671 3680 5742 tibi,Bethsaida,
3707 5673 3832 5748 quia

2241 5762 2369 5817 siin
2397 5757 2542 5833 Tyro
2571 5767 2627 5817 et
2649 5759 2850 5818 Sidone
2877 5761 3034 5820 facta:
3069 5761 3301 5821 fuissent
3335 5763 3570 5822 virtutes
3597 5782 3722 5844 qua:
3757 5765 3832 5820 fa-

2242 5861 2344 5908 cta:
2370 5861 2496 5908 sunt
2537 5853 2593 5910 in
2621 5856 2819 5932 vobis,~
2843 5856 2974 5914 olim
3000 5858 3058 5914 in
3079 5853 3260 5915 cilicio
3282 5863 3338 5914 et
3366 5858 3551 5916 cinere
3567 5857 3834 5930 pmniten-
