4056 6336
318 427 343 482 1
353 422 463 481 253

1237 417 1607 480 EXPOSITIO
1647 420 1876 480 SUPER
1911 419 2276 482 JEREMIAM.
2303 441 2388 469 α-
2423 425 2553 482 LIB.
2587 419 2710 486 XX.

3454 389 3595 493 tesi

317 541 456 597 tiam
474 539 732 611 egissent.
756 537 1141 595 Verumtamen
1168 535 1290 593 dico
1316 538 1472 594 vobis
1510 556 1523 592 :
1551 538 1694 612 Tyro
1731 545 1786 593 et
1815 519 1900 593 Si:
1927 545 1978 606 Α
2005 553 2136 594 vero
2165 548 2248 595 est
2279 540 2528 598 humana:
2555 534 2722 598 menti
2771 543 3054 614 angustius
3103 559 3266 616 quam
3289 545 3597 608 voluntates

316 634 450 690 doni
481 633 760 690 remissius
787 632 893 689 erit
919 632 976 688 in
1005 631 1092 687 die
1109 631 1300 702 judieii
1323 647 1486 704 quam
1513 632 1686 687 vobis.
1717 631 1782 688 Et
1829 639 1908 700 tu,

313 723 720 798 Capharnaum,
749 723 990 795 nunquid
1021 738 1193 794 usque
1239 723 1294 780 in
1325 723 1519 780 cmlum
1549 723 1912 779 exaltaberis?

316 833 495 888 usque
517 819 570 874 in
593 817 860 874 infernum
884 817 1179 874 descendes
1205 833 1218 870 :
1248 816 1375 892 quia
1404 819 1452 874 si
1479 817 1530 872 in
1553 816 1804 874 Sodomis
1833 816 1912 872 fa-

311 920 422 968 cta:
475 911 702 977 luissem
739 911 968 980 virtutes
1010 925 1131 982 qua:
1173 909 1327 968 facta:
1375 919 1501 966 sunt
1549 911 1602 968 in
1655 921 1726 977 te,
1768 911 1910 968 forte

317 1003 656 1061 mansissent
704 1017 876 1074 usque
918 1001 973 1057 in
1003 1002 1148 1058 hunc
1167 1001 1330 1062 diem.
1365 1003 1752 1058 Verumtamen
1787 1002 1909 1060 dico

317 1096 498 1161 vobis,
529 1095 656 1165 quia
689 1103 848 1150 terrae
879 1093 1238 1150 Sodomorum
1285 1093 1565 1153 remissius
1611 1092 1717 1149 erit
1741 1093 1794 1148 in
1821 1093 1908 1150 die
1946 1123 1948 1126 ν

307 1184 503 1254 judicii
535 1201 698 1258 quam
733 1185 828 1240 tibi
865 1183 1080 1258 (Matth.
1114 1201 1191 1252 xi,
1221 1183 1352 1240 Luc.
1378 1183 1455 1258 χ).
1498 1203 1517 1238 ι

401 1275 539 1332 Vau.
574 1295 594 1328 ι
631 1277 986 1333 Candidiores
1008 1273 1248 1330 Nazarrei
1276 1274 1393 1344 ejus
1440 1275 1588 1342 nive,
1624 1273 1906 1332 nitidiores

319 1389 337 1420 ‹
378 1369 539 1433 lacte,
565 1366 980 1424 rubicundiores
1017 1367 1182 1426 ebore
1213 1368 1461 1440 antiquo,
1489 1367 1743 1440 sapphiro
1786 1367 1905 1438 pul-

319 1479 339 1512 ‹
373 1460 646 1515 cbriores.
682 1479 702 1517 ι

390 1553 536 1610 Thet.
574 1572 591 1610 ι
630 1553 919 1626 Dcnigrata
965 1561 1052 1612 est
1099 1569 1262 1626 super
1314 1554 1578 1610 carbones
1618 1551 1786 1609 facies
1812 1567 1902 1608 eo-

320 1663 338 1696 ς
377 1662 518 1714 rum,
559 1655 612 1702 et
637 1663 744 1703 non
766 1655 892 1704 sunt
918 1648 1116 1720 cogniti
1144 1648 1197 1702 in
1227 1647 1438 1718 plateis.
1477 1645 1718 1701 Adhwsit
1762 1647 1902 1715 cutis

319 1755 340 1787 ι
373 1753 559 1792 eorum
589 1738 824 1808 ossibus,
852 1740 995 1796 aruit
1021 1747 1076 1794 et
1103 1737 1243 1794 facta
1281 1747 1362 1793 est
1389 1737 1546 1808 quasi
1597 1737 1822 1810 lignum.
1875 1756 1896 1790 ι

315 1826 413 1882 llis
455 1829 662 1886 duabus
705 1830 989 1886 sententiis
1041 1829 1348 1886 ostenditur
1402 1821 1672 1902 quomodo
1725 1828 1902 1886 omnis

2011 631 2260 701 pr0prias
2297 630 2583 704 frangere?
2634 633 2708 690 De
2744 650 2848 704 qua
2881 633 3145 692 fractione
3183 637 3395 697 Veritas
3421 641 3591 698 dicit:

2017 738 2035 771 ι
2067 719 2270 776 Intrate
2297 737 2400 794 per
2424 725 2726 796 angustiam
2753 735 2965 798 portam
2997 725 3214 799 (Matth.
3251 731 3370 804 vn).
3403 753 3422 786 ι
3455 733 3596 802 Quid

2012 821 2193 868 autem
2221 813 2384 866 latius
2413 829 2576 885 quam
2610 816 2774 872 nullis
2795 817 3032 888 propriis
3061 817 3426 898 voluntatibus
3453 824 3596 879 relu-

2009 903 2172 969 ctari,
2211 911 2265 959 et
2292 920 2726 976 quaquaversum
2753 906 3016 978 impulsus
3052 910 3264 969 arbitrii
3295 913 3508 970 duxerit
3535 931 3596 972 se

2010 993 2126 1051 sine
2152 997 2540 1052 retractatione
2567 996 2902 1055 diffundere?
2931 1001 3031 1070 Qui
3061 1018 3190 1074 ergo
3215 1020 3313 1076 per
3343 993 3592 1064 fiduciam

2009 1092 2314 1148 sanctitatis
2345 1081 2668 1167 postposito
2722 1093 3005 1149 meliorum
3026 1081 3330 1166 judicio'se
3365 1112 3596 1170 sequun-

2008 1191 2116 1251 tur,
2157 1182 2312 1254 quasi
2357 1200 2454 1256 per
2493 1185 2702 1256 plateas
2747 1189 3136 1263 perguntgsed
3184 1205 3288 1244 non
3327 1198 3454 1246 sunt
3505 1207 3596 1266 co:

2006 1275 2138 1348 gniti
2165 1275 2218 1330 in
2248 1275 2464 1348 plateis,
2487 1277 2614 1348 quia
2645 1277 2712 1334 de
2743 1277 2853 1333 vita
2899 1294 2998 1334 sua
3033 1277 3178 1347 aliud
3209 1281 3592 1339 ostenderant:

2005 1365 2222 1436 quando
2250 1363 2546 1438 frangendo
2583 1367 2887 1424 voluntates
2907 1369 3165 1442 proprias,
3187 1370 3239 1425 in
3271 1382 3500 1444 angusto
3536 1389 3596 1429 se

2005 1454 2140 1511 calle
2189 1457 2518 1513 retinebant.
2551 1458 2620 1514 Et
2667 1460 2806 1514 bene
2844 1460 3096 1516 additur:
3127 1479 3146 1513 ‹
3178 1461 3414 1518 Adhaesit
3455 1465 3594 1518 cutis

2004 1560 2194 1601 eorum
2224 1539 2462 1604 ossibus’.
2495 1569 2514 1602 ›
2543 1549 2684 1618 Quid
2724 1551 2779 1605 in
2806 1565 2930 1607 osse
2965 1551 3069 1607 nisi
3100 1553 3298 1610 duritia
3328 1553 3596 1612 fortitudi-

2003 1640 2108 1704 nis,
2148 1642 2277 1714 quid
2307 1642 2362 1696 in
2389 1651 2513 1698 cute
2542 1643 2643 1698 nisi
2676 1639 2930 1700 mellities
2960 1645 3284 1716 exprimitur
3307 1645 3597 1712 inﬁrmita-

2004 1731 2112 1787 tis?
2158 1731 2312 1789 Cutis
2359 1748 2492 1804 ergo
2530 1749 2719 1808 eorum
2772 1735 3049 1792 adhaerere
3099 1736 3312 1814 ossibus
3353 1736 3593 1806 dicitur,

2003 1823 2129 1894 quia
2158 1823 2226 1878 ab
2257 1823 2338 1878 eis
2384 1838 2552 1894 prava
2587 1824 2968 1893 sentientibus,
3011 1824 3299 1882 infirmitas
3332 1827 3448 1882 vitii
3491 1827 3594 1884 du-

313 1917 480 1973 decor
505 1921 702 1989 prioris
725 1919 928 1996 p0puli,
957 1935 1114 1990 quem
1145 1921 1417 1977 habebant
1441 1920 1494 1974 in
1529 1927 1726 1975 ornatu
1764 1931 1902 1976 tem-
1929 1924 1976 1984 B
2005 1919 2128 1974 ritia
2167 1919 2387 1976 virtutis
2435 1930 2676 1992 putatur.
2728 1922 2946 1978 lnﬁrma
3013 1925 3158 1980 enim
3205 1935 3333 1981 sunt
3362 1942 3482 1998 qua:
3516 1921 3596 1983 fai-

311 2011 386 2082 pli
411 2021 460 2066 et
491 2014 638 2071 cultu
668 2014 874 2082 divino,
901 2025 1124 2086 propter
1154 2025 1376 2088 peccata
1399 2030 1588 2070 eorum
1618 2029 1896 2070 emarcue-

313 2105 407 2172 rit,
435 2115 490 2162 et
515 2107 918 2164 destruentibus
957 2108 1204 2169 hostibus
1247 2107 1315 2164 ad
1366 2106 1592 2163 nihilum
1644 2107 1897 2163 redactus

311 2196 406 2253 sit.
451 2197 674 2270 Mystiee
719 2215 848 2258 vero
887 2215 1046 2256 casus
1094 2199 1398 2254 animarum
1441 2191 1896 2270 quarutudam'll-

309 2291 512 2346 delium
548 2293 578 2347 'a
608 2295 870 2364 pmpheta
929 2293 1264 2364 deploratur.
1323 2289 1526 2367 ((Ireg.)
1581 2291 1718 2359 Quid
1755 2291 1898 2347 enim

309 2382 730 2441 Nazarreuorum
759 2387 996 2455 nomine,
1022 2386 1124 2442 nisi
1148 2383 1532 2439 abstinentium
1547 2390 1602 2438 et
1619 2383 1899 2438 continen-

313 2475 445 2530 tium
472 2477 581 2532 vita
616 2477 878 2548 signatur,
907 2494 1028 2548 qua:
1052 2477 1240 2534 niveet
1259 2477 1400 2531 lacte
1421 2476 1642 2532 nitidior
1664 2474 1900 2530 dicitur?

310 2565 415 2620 Nix
435 2567 576 2622 enim
598 2584 666 2624 ex
685 2584 824 2639 aqua
849 2569 1196 2641 congelaseit,
1216 2569 1590 2642 qmedesup‘cr
1617 2568 1764 2623 venit
1789 2569 1900 2625 :lac

311 2667 493 2713 autem
518 2675 584 2714 ex
609 2675 772 2715 carne
805 2661 1152 2731 exprimitur,
1181 2676 1301 2732 qum
1332 2659 1677 2714 inferioribus
1721 2659 1900 2716 nutri-

313 2757 420 2802 tur.
450 2748 590 2828 Quid
614 2764 744 2824 ergo
777 2767 874 2824 per
899 2741 1100 2818 nivem,
1129 2752 1236 2808 nisi
1259 2751 1464 2806 candor
1485 2751 1610 2806 viue
1637 2749 1897 2807 caelestis.

312 2839 451 2906 Quid
479 2857 576 2914 per
603 2842 708 2908 lac,
738 2843 843 2900 nisi
863 2843 1174 2915 temporalis
1206 2843 1628 2914 dispensationis
1669 2844 1902 2901 admini-

311 2931 506 2998 stratio
527 2933 966 2990 demonstratur?
989 2935 1058 2990 Et
1076 2936 1202 3008 quia
1221 2935 1538 3007 plerumque
1563 2936 1902 2992 continentes

311 3021 414 3090 viri
469 3021 527 3080 in
574 3022 814 3080 Ecclesia
843 3033 950 3082 tam
981 3025 1118 3094 mira
1158 3041 1320 3097 opera
1351 3025 1574 3094 faciunt,
1618 3034 1677 3081 ut
1713 3027 1782 3082 ab
1819 3028 1900 3096 eis

313 3115 487 3182 multi,
518 3117 610 3188 qui
637 3117 912 3174 cmlestem
935 3119 1104 3176 vitam
1143 3129 1454 3188 tenuerunt,
1488 3121 1641 3176 multi
1670 3121 1762 3192 qui
1792 3131 1901 3176 ter-

311 3227 440 3272 retia
467 3211 604 3268 bene
633 3212 1113 3284 dispensaverunt,
1167 3215 1416 3286 superari
1455 3216 1742 3274 videantur
1775 3233 1790 3274 :
1841 3224 1896 3271 et

1997 2009 2186 2066 ciunt:
2216 2011 2342 2078 sed,
2373 2011 2626 2068 elationis
2653 2012 2850 2068 ﬁducia
2883 2015 3114 2087 decepti,
3149 2014 3379 2072 fortibus
3401 2033 3465 2072 ea
3507 2033 3598 2073 su-

1998 2101 2333 2172 Spicionibus
2371 2101 2636 2174 jungunt,
2679 2114 2734 2160 et
2763 2121 2869 2176 quo
2897 2107 2966 2162 de
3007 2105 3080 2162 se
3105 2123 3300 2182 magna
3332 2110 3592 2178 sentiunt,

1999 2206 2066 2247 eo
2104 2191 2170 2246 de
2231 2207 2328 2249 sua
2387 2194 2628 2263 nequitia
2675 2196 2954 2251 emendari
3005 2207 3402 2255 contemnunt..
3441 2188 3594 2256 Unde

1999 2293 2055 2340 et
2103 2293 2250 2341 recte
2301 2286 2700 2358 subjttngitur:
2747 2307 2766 2339 ι
2808 2288 2966 2344 Aruit
3015 2297 3070 2345 et
3117 2275 3257 2346 facta
3304 2300 3390 2346 est
3439 2291 3593 2364 quasi

1999 2375 2226 2448 lignum.
2262 2398 2280 2430 ι
2331 2379 2499 2450 Culpa
2551 2380 2766 2452 quipr
2801 2395 2989 2437 eorum
3029 2389 3181 2438 tanto
3229 2383 3594 2440 inscnsibilior

2000 2469 2248 2524 redditur
2272 2489 2285 2523 :
2307 2479 2509 2540 quanto
2531 2473 2672 2544 apud
2697 2486 2792 2526 eos
2825 2473 2991 2528 etiam
3021 2473 3306 2530 laudabilis
3335 2473 3587 2532 habetur.

2001 2560 2174 2629 Quam
2217 2571 2366 2618 recte
2405 2563 2613 2619 aridam
2665 2565 2890 2632 asserit,
2935 2565 3060 2637 quia
3087 2565 3231 2622 nulla
3266 2568 3349 2624 sui
3383 2569 3590 2642 Cogita-

2001 2655 2149 2710 tione
2180 2656 2476 2712 viridescit.
2673 2725 2676 2729 ν

2074 2747 2258 2804 ΤΙιειΙι.
2306 2769 2325 2800 ι
2353 2749 2543 2806 Melius
2582 2749 2684 2806 fuit
2711 2751 2908 2808 occisis
2931 2752 3130 2824 gladio,
3168 2769 3331 2826 quam
3369 2751 3590 2809 interfe-

2007 2859 2026 2892 ι
2063 2840 2166 2896 ctis
2199 2839 2361 2910 fame,
2379 2832 2656 2913 'quoniam
2693 2843 2806 2922 isti.
2827 2845 3191 2900 extabuerunt
3220 2846 3530 2920 consumpti
3558 2862 3591 2906 a

2003 2954 2024 3014 μ
2061 2934 2346 2990 sterilitate
2370 2943 2553 2992 tem
2579 2957 2596 2990 ι
2635 2935 2926 3010 (ΜΑυιιυε.)
2949 2937 3220 3005 Quantum
3249 2940 3315 2994 ad
3334 2955 3592 3010 comperte

1999 3027 2149 3106 dium
2179 3030 2374 3086 mortis
2400 3029 2646 3102 respicit,
2693 3031 2911 3088 brevior
2938 3031 3044 3088 fuit
3082 3048 3242 3103 poena
3281 3033 3460 3090 subito
3485 3032 3593 3106 gla-

1999 3123 2090 3180 dio
2119 3125 2452 3193 occisorum,
2481 3142 2650 3197 quam
2691 3125 2836 3182 fame
2883 3134 2940 3182 et
2973 3114 3080 3183 Isiti
3131 3127 3223 3183 ditt
3254 3127 3592 3191 excruciato:

1999 3231 2142 3270 rum.
2173 3215 2446 3285 Quantum
2475 3233 2608 3274 vero
2639 3219 2705 3274 ad
2753 3218 3056 3294 spiritalem
3085 3234 3302 3282 sensum
3333 3219 3592 3290 pertinet,

311 3305 652 3362 candidiores
673 3305 829 3374 nive,
861 3319 916 3364 et
939 3307 1224 3363 nitidiores
1254 3307 1398 3390 lacte
1426 3308 1758 3385 referuntur.
1789 3308 1893 3378 Qui
1921 3293 1967 3357 C
1997 3307 2192 3365 melius
2237 3309 2339 3366 fuit
2398 3311 2658 3382 apostolis
2703 3319 2759 3366 et
2798 3293 3250 3382 praedicatoribus
3291 3311 3593 3391 Evangelii,

311 3399 512 3464 etiam,
546 3399 674 3468 quia
711 3415 810 3472 per
841 3399 1112 3456 fervorem
1152 3401 1410 3470 spiritus,
1451 3403 1800 3474 antiquorum
1833 3419 1896 3460 ac

312 3492 530 3548 fortium
563 3501 783 3566 patrum
808 3507 1194 3564 nonnunquam
1225 3495 1444 3551 vincere
1478 3496 1645 3551 vitam
1675 3497 1899 3553 videan-

313 3593 423 3652 tur,
439 3594 586 3641 recte
600 3584 938 3658 adjungitur:
961 3603 980 3635 ι
991 3585 1421 3642 Rubicundiores
1434 3586 1597 3644 ebore
1611 3587 1856 3660 antiquo.
1870 3608 1890 3640 ι

313 3675 449 3729 Dum
491 3675 634 3730 enim
666 3674 882 3730 ruboris
913 3689 1111 3730 nomen
1153 3676 1502 3747 imprimitur,
1537 3679 1712 3734 sancti
1757 3680 1898 3735 desi-

314 3767 444 3822 derii
471 3765 688 3824 flamma
718 3763 982 3840 signatur.
1009 3765 1157 3822 Ebur
1186 3783 1318 3822 vero
1349 3784 1470 3826 esse
1490 3783 1552 3824 os
1577 3784 1896 3841 magnorum

315 3863 628 3918 animalium
655 3879 762 3919 non
791 3863 1119 3936 ignoramus.
1146 3863 1321 3920 Ebore
1357 3865 1540 3938 itaque
1561 3867 1784 3938 antiquo
1806 3884 1897 3924 ru-

312 3957 657 4013 bicundiores
701 3965 846 4020 sunt,
875 3957 1002 4029 quia
1047 3974 1190 4029 smpe
1235 3968 1360 4014 ante
1411 3960 1677 4016 humanos
1709 3963 1896 4024 oculos

313 4050 579 4105 nonnullis
616 4049 1045 4120 praecedentibus
1082 4051 1330 4120 patribus
1356 4053 1518 4108 studii
1555 4052 1896 4117 ferventioris

313 4141 570 4198 existunt.
613 4142 688 4198 De
725 4141 923 4211 quibus
953 4149 1013 4200 ut
1042 4150 1214 4198 totum
1250 4143 1412 4200 simul
1439 4147 1758 4202 ostendatur
1800 4149 1896 4220 ad-

306 4231 583 4302 jungitur:
617 4249 636 4284 ι
677 4231 945 4304 Sapphiro
970 4231 1340 4305 'pulchriores.
1373 4257 1392 4290 ι
1419 4236 1894 4311 IEthereiquippe

310 4325 502 4381 coloris
536 4334 621 4382 est
663 4326 974 4399 sappltirtts,
1017 4335 1074 4383 et
1123 4328 1250 4402 quia
1283 4331 1651 4398 prmcedcntes
1697 4332 1894 4388 multos

311 4425 469 4487 atque
493 4416 564 4471 ad
590 4431 818 4487 superna
851 4417 1155 4484 tendentes,
1181 4433 1278 4490 per
1303 4420 1581 4477 cmlestem
1611 4438 1895 4478 conversa-

314 4509 510 4564 tionem
550 4509 799 4564 videntur
845 4509 1086 4574 vincere,
1131 4520 1422 4566 narrantur
1473 4515 1730 4584 sapphiro
1775 4515 1893 4586 pul-

313 4604 552 4660 chriores
605 4605 898 4662 exstitisse.
945 4605 1056 4660 Sed
1102 4605 1420 4675 plerumque
1455 4607 1584 4662 dum
1631 4609 1891 4664 virtutum

312 4695 462 4762 copia
489 4695 656 4753 etiam
675 4695 964 4765 plusquam
980 4697 1200 4764 expedit
1223 4707 1596 4768 prosperatur,
1619 4699 1674 4754 in
1698 4717 1890 4770 quam-

312 4789 430 4843 dam
461 4790 542 4846 sui
579 4788 834 4852 fiduciam
882 4805 1038 4848 mens
1067 4791 1376 4858 adducitur,
1413 4801 1468 4848 et
1497 4794 1722 4862 decepta
1751 4811 1889 4866 prte-

310 4881 608 4951 suniptione
639 4881 880 4952 propria,
925 4893 1148 4952 repente
1191 4891 1415 4954 peccato
1449 4885 1778 4954 subripiente
1807 4887 1891 4942 fu-

310 4985 503 5032 scatur.
537 4975 689 5034 Unde
721 4985 866 5032 recte
890 4973 1234 5046 subjungitur
1263 4996 1276 5031 :
1305 4996 1324 5028 ‹
1359 4978 1648 5050 Denigrata
1687 4990 1772 5036 est
1800 4997 1890 5037 su-

309 5083 399 5139 per
438 5070 704 5130 carbones
744 5066 912 5128 facies
939 5083 1153 5126 eorum.
1182 5090 1200 5123 ι
1234 5067 1386 5142 Nigri
1414 5071 1560 5126 enim
1607 5081 1730 5144 post
1759 5089 1890 5130 can-

309 5162 490 5220 dorem
535 5164 708 5220 ﬁunt:
739 5163 888 5233 quia,
931 5164 1136 5220 amissa
1182 5163 1278 5218 Dei
1311 5161 1544 5230 justitia,
1582 5181 1712 5224 cum
1736 5167 1803 5222 de
1832 5182 1891 5224 se

309 5265 652 5327 praesumunt,
683 5257 740 5316 in
765 5273 832 5314 ea
852 5257 1018 5330 etiam
1046 5273 1170 5327 qua
1201 5272 1310 5314 non
1338 5255 1646 5328 intelligunt
1663 5268 1890 5332 peccata

310 5347 613 5408 dilabuntur
649 5367 666 5404 :
701 5357 759 5404 et
780 5349 908 5420 quia
961 5356 1086 5420 post
1126 5347 1328 5407 amoris
1367 5347 1550 5420 ignem
1598 5349 1667 5404 ad
1719 5349 1891 5420 frigus

311 5439 536 5510 torporis
556 5440 794 5506 veniunt,
825 5441 1116 5507 exstinctis
1143 5441 1470 5510 carbonibus
1507 5455 1574 5494 ex
1611 5457 1891 5513 compara-

310 5532 448 5592 tione
490 5531 869 5602 rit-referuntur.
921 5533 1320 5604 Nonnunquam
1346 5531 1493 5589 enim
1538 5519 1664 5587 dum
1723 5533 1886 5588 timo-

309 5642 420 5688 rem
458 5627 554 5682 Dei
588 5642 688 5696 per
713 5627 800 5682 sui
841 5627 1101 5687 fiduciam
1147 5628 1425 5693 (inserunt,
1473 5626 1638 5683 etiam
1678 5625 1889 5698 frigidis

309 5720 572 5778 mentibus
600 5717 916 5790 frigidiores
943 5719 1095 5779 fiunt.
1142 5720 1220 5776 De
1240 5719 1440 5790 quibus
1475 5726 1624 5773 recte
1669 5717 1890 5788 subjun-

308 5817 481 5888 gitur:
514 5834 534 5868 ι
567 5813 686 5872 Non
713 5825 852 5872 sum.
869 5815 1069 5884 cogniti
1103 5815 1160 5868 in
1183 5812 1403 5883 plateis.
1424 5830 1444 5866 δ
1481 5810 1666 5869 Platca
1691 5811 1889 5880 quippe

301 5910 568 5983 sermonis
597 5907 762 5982 graeci
808 5909 1016 5980 ratione
1059 5902 1476 5988 prohlatitudine
1501 5903 1718 5960 dicitur.
1749 5904 1890 5972 Quid

1995 3399 2149 3456 brevi
2194 3414 2356 3471 poena
2385 3403 2630 3476 corporis
2657 3417 2756 3474 pro
2791 3402 2992 3459 Christi
3023 3403 3243 3462 nomine
3271 3403 3338 3459 ad
3381 3413 3592 3476 tempus

1995 3490 2182 3562 plecti,
2223 3501 2278 3547 et
2319 3503 2509 3564 postea
2555 3493 2612 3578 in
2661 3499 2866 3550 aeterna
2909 3495 3098 3552 laetitia
3127 3497 3397 3562 coronari,
3427 3513 3591 3568 quam

1998 3583 2443 3653 persecutoribus
2487 3600 2678 3644 eorum
2718 3585 2876 3662 longa
2913 3587 3096 3641 inedia
3135 3587 3287 3644 verbi
3316 3587 3416 3642 Dei
3445 3589 3590 3664 tabe-

1997 3674 2138 3746 fieri,
2165 3685 2221 3732 et
2261 3675 2486 3748 propter
2511 3677 2854 3734 sterilitatem
2884 3686 2942 3734 et
2982 3677 3458 3734 infecunditatem
3494 3680 3566 3734 bo

1996 3783 2192 3836 norum
2241 3783 2469 3840 operum
2515 3769 2585 3826 ad
2617 3778 2921 3826 extremum
2948 3776 3152 3826 aeterno
3180 3769 3430 3830 incendio
3457 3785 3588 3826 con-9

1997 3857 2252 3927 cremari.

2065 3951 2195 4008 Jod.
2243 3970 2261 4003 ‹
2293 3951 2482 4008 Manus
2516 3939 2817 4008 mulierum
2855 3951 3288 4022 misericordium
3325 3959 3585 4015 coxerttnt

2001 4061 2021 4110 ᾳ
2057 4041 2197 4099 filios
2223 4057 2372 4110 suos,
2417 4042 2544 4098 facti
2593 4051 2716 4100 sunt
2758 4043 2910 4098 cibus
2933 4059 3122 4098 eorum
3165 4042 3220 4101 in
3259 4043 3587 4100 contritione

2001 4156 2020 4188 ι
2059 4137 2183 4192 lilia:
2226 4137 2408 4208 populi
2458 4137 2584 4192 mei.
2616 4157 2634 4190 ι
2681 4137 2795 4192 Hoc
2846 4136 3200 4217 historialiter
3244 4134 3584 4216 recapitulat,

1994 4232 2410 4330 quod3uperius
2443 4232 2554 4306 jam
2581 4232 2826 4291 dixerat:
2856 4231 2982 4302 quia
3007 4231 3059 4290 in
3093 4230 3405 4301 captivitate
3429 4228 3582 4284 Chal-

1995 4322 2182 4392 ἀεὶ,οαῖ
2218 4340 2318 4380 nec
2363 4341 2470 4380 non
2495 4332 2549 4380 et
2574 4323 2818 4379 Romana
2843 4337 2858 4378 :
2881 4323 2951 4378 ad
2996 4322 3156 4378 talem
3185 4322 3582 4396 necessitatem,

1993 4426 2215 4488 pmpter
2243 4417 2483 4488 inopiam
2522 4414 2652 4481 cibi,
2679 4413 2831 4484 plebs
2865 4412 3175 4472 Iudaeorum
3215 4413 3483 4488 pervenit,
3530 4421 3584 4492 nt

1994 4510 2187 4580 aliqua:
2217 4525 2286 4564 ex
2322 4509 2642 4564 mulieribus
2687 4522 2874 4564 eorum
2903 4507 3044 4562 filios
3077 4523 3204 4565 suos
3233 4506 3585 4574 trucidarent,

1993 4608 2049 4666 et
2077 4615 2272 4655 carnes
2300 4614 2488 4654 eorutn
2531 4607 2717 4653 coctas
2749 4598 3118 4656 comedere-nt.
3159 4596 3322 4658 Juxta
3370 4595 3584 4666 spirita-

1995 4693 2098 4762 lem
2130 4708 2261 4748 vero
2289 4691 2621 4746 intellectum
2651 4705 2759 4746 non
2785 4691 2940 4760 parvi
2970 4699 3053 4745 est
3078 4689 3282 4753 delicti,
3310 4688 3452 4758 quod
3489 4689 3584 4744 do-

1993 4795 2174 4840 ctores
2215 4784 2341 4839 mali
2397 4783 2674 4842 auditores
2721 4799 2850 4839 suos
2895 4783 3056 4839 rebus
3104 4784 3334 4840 terrenis
3369 4793 3425 4844 et
3465 4785 3584 4848 sub-

1992 4877 2208 4934 stantiis
2238 4877 2351 4931 suis
2375 4884 2596 4950 propter
2623 4877 2979 4932 voracitatem
3005 4891 3160 4932 suam
3203 4875 3456 4946 Spoliant,
3484 4892 3583 4946 nec

1991 4971 2072 5027 eis
2112 4970 2367 5041 pabulum
2391 4969 2542 5024 verbi
2579 4968 2844 5035 tribuunt,
2877 4983 2986 5053 quo
3016 4968 3090 5024 illi
3129 4969 3198 5026 ad
3227 4969 3394 5026 vitam
3428 4977 3584 5030 aeter-

1991 5085 2118 5135 nam
2147 5068 2480 5134 nutriantur,
2517 5081 2641 5123 cum
2667 5065 2928 5122 Dominus
2957 5080 3053 5136 per
3079 5064 3423 5132 Ezechielem
3449 5079 3578 5136 pro-.

1991 5163 2210 5238 phetam
2251 5162 2436 5218 dicat:
2466 5178 2486 5214 ι
2515 5159 2610 5218 Vae
2646 5159 2958 5236 pastoribus
3001 5159 3190 5226 Israel,
3239 5159 3336 5234 qui
3383 5173 3575 5231 pasce-

1990 5257 2122 5325 bant
2165 5255 2504 5330 semetipsos.
2551 5250 2741 5306 Nonne
2790 5267 2981 5324 greges
3043 5260 3336 5322 pascuntur
3383 5266 3416 5305 a
3475 5265 3576 5321 pa-

1990 5347 2258 5406 storibus?
2296 5344 2405 5399 Lac
2431 5343 2831 5414 comedebatis,
2888 5351 2943 5400 et
2979 5342 3120 5409 lanis
3147 5341 3576 5418 operiebamini.

1990 5448 2046 5498 et
2090 5439 2232 5509 quod
2274 5450 2521 5492 crassum
2565 5443 2686 5492 erat
2719 5435 3048 5512 occidebatis
3069 5473 3091 5501 ,
3129 5449 3346 5507 gregem
3394 5441 3577 5498 autem

1992 5546 2174 5605 meum
2239 5544 2350 5584 non
2406 5527 2733 5599 pascebatis.
2790 5526 2946 5594 Quod
2987 5526 3262 5593 infirmum
3310 5525 3413 5584 fuit
3466 5541 3576 5598 non

1992 5618 2386 5686 consolidastis,
2436 5626 2492 5674 et
2517 5620 2662 5689 quod
2689 5627 2954 5690 aegrotum
2993 5633 3104 5678 non
3129 5617 3382 5681 sanastis;
3427 5613 3574 5685 quod

1988 5715 2234 5774 fractum
2263 5695 2362 5769 est
2385 5727 2494 5770 non
2541 5712 2822 5784 alligastis,
2862 5721 2918 5770 et
2951 5712 3096 5786 quod
3139 5709 3411 5788 abiectum
3463 5720 3574 5784 non

1993 5789 2304 5872 reduxistis;
2359 5803 2503 5874 quod
2540 5805 2777 5875 perierat
2819 5821 2928 5862 non
2958 5805 3252 5876 quaesistis,
3299 5800 3394 5856 sed
3447 5813 3572 5857 cum

1993 5899 2313 5959 austeritate
2367 5897 2708 5971 imperabitis
2756 5899 2838 5955 eis
2909 5909 2966 5955 et
3015 5913 3140 5956 cum
3178 5893 3422 5968 potentia
3463 5910 3478 5950 :
3515 5898 3572 5954 et
