4056 6336
333 388 471 446 1257

1219 384 1584 447 EXPOSITIO
1620 385 1849 447 SUPER
1887 385 2252 445 JEREMIAM.
2295 415 2366 429 ιι-
2395 387 2524 445 LIB.
2567 383 2690 447 XX.

3445 381 3586 448 1288

327 510 639 577 pensantes,
671 500 842 574 magis
879 513 979 572 per
1023 499 1348 557 humilitatis
1374 505 1430 558 et
1473 502 1904 558 mansuetudinis
1932 508 1983 568 Α
2009 502 2191 572 syriis,
2227 515 2346 571 qum
2368 501 2514 556 nullo
2553 499 2717 556 modo
2742 497 2977 556 liberare
3005 509 3097 554 eos
3125 498 3400 570 poterant.
3432 497 3585 555 Unde

328 597 680 653 lenimentum
734 592 953 650 student
998 601 1288 664 peccantes
1339 591 1408 647 ab
1460 593 1662 648 erroris
1710 592 1905 664 laqueo

328 703 544 753 eruere,
572 700 735 758 quam
763 700 860 756 per
890 682 1261 739 austeritatem
1305 681 1360 737 in
1409 681 1615 738 foveam
1649 682 1908 754 perditio-

325 779 415 835 nis
461 785 717 833 nutantes
755 773 1074 846 propellere.
1118 771 1270 829 Unde
1309 781 1366 827 et
1423 773 1611 828 doctor
1664 771 1905 843 gentium

327 869 561 940 qualiter
607 867 835 924 subditis
885 865 998 922 suis
1040 864 1336 937 praefuerit,
1389 866 1625 921 ostendit
1678 865 1901 919 dicens:

334 979 353 1012 ι
390 959 588 1016 Factus
611 974 732 1014 sum
754 956 985 1013 inﬁmis
1008 957 1280 1023 inﬁrmus,
1315 963 1374 1010 ut
1417 955 1661 1010 inﬁrmos
1687 955 1910 1010 lucrifa-

326 1054 488 1108 ciam.
515 1051 709 1107 Omnia
754 1050 1007 1105 omnibus
1051 1048 1226 1104 factus
1257 1063 1396 1113 sum,
1427 1055 1487 1101 ut
1522 1061 1711 1102 omnes
1755 1044 1904 1101 face-

326 1160 442 1201 rem
471 1142 664 1201 salvos.
698 1162 717 1195 ι
746 1141 813 1198 Et
844 1142 1006 1197 item:
1042 1159 1061 1193 σ
1089 1135 1238 1207 Quis,
1272 1139 1467 1210 inquit,
1502 1139 1820 1202 inﬁrmatur,
1852 1144 1907 1192 et

328 1250 427 1306 ego
469 1252 580 1292 non
622 1234 912 1290 inﬁrmor?
937 1233 1070 1302 Quis
1115 1233 1531 1298 scandalizatur,
1565 1239 1621 1288 et
1659 1246 1760 1303 ego
1796 1245 1904 1287 non

327 1327 490 1383 uror?
519 1346 538 1379 ι
573 1325 623 1398 (I
652 1323 775 1380 Cor.
808 1341 884 1391 lx;
913 1325 975 1379 II
1005 1323 1130 1380 Cor.
1165 1325 1266 1396 ιι.)
1297 1323 1508 1398 [Greg.j
1533 1324 1698 1380 Debet
1727 1332 1907 1379 rector

325 1432 445 1473 esse
472 1418 611 1473 bene
647 1416 930 1488 agentibus
959 1429 1056 1486 per
1085 1415 1444 1470 humilitatem
1486 1414 1684 1480 socius,
1715 1423 1906 1469 contra

325 1508 748 1578 delinquentium
778 1505 907 1561 vitia
934 1521 1030 1577 per
1055 1507 1228 1561 zelum
1256 1505 1478 1575 iustitia:
1503 1515 1738 1572 erectus,
1768 1515 1829 1562 ut
1852 1515 1908 1564 et

324 1601 484 1658 bonis
513 1600 566 1654 in
596 1599 742 1654 nullo
769 1611 828 1654 se
869 1597 1132 1668 prazferat,
1165 1608 1221 1653 et
1262 1612 1386 1653 cum
1429 1612 1720 1667 pravarum
1749 1598 1905 1668 culpa

320 1693 513 1763 exigit,
558 1698 885 1762 potestatem
911 1690 1158 1761 protinus
1185 1689 1268 1744 sui
1315 1688 1588 1760 prioratus
1625 1698 1902 1760 agnoscat,

321 1790 590 1852 quatenus
618 1790 675 1836 ct
701 1781 907 1836 honore
933 1794 1245 1852 suppresso,
1286 1779 1546 1849 aequalem
1573 1794 1633 1835 se
1673 1780 1904 1835 subditis

2007 595 2138 650 dicit
2165 612 2180 649 :
2212 611 2232 646 ι
2263 593 2584 649 Defeceruut
2603 591 2746 649 oculi
2770 593 2941 648 nostri
2967 594 3032 646 ad
3053 593 3308 647 auxilium
3337 601 3583 648 nostrum

2006 697 2227 748 vanum,
2255 698 2380 738 cum
2425 683 2818 752 respiceremus
2864 683 3054 737 attenti
3096 682 3162 737 ad
3195 690 3432 754 gentem,
3460 697 3584 753 qme

2007 772 2219 830 salvare
2249 788 2358 828 non
2397 781 2630 844 poterat.
2663 792 2680 825 ι
2716 773 2942 828 Frustra
2966 759 3109 828 enim
3155 774 3223 829 ab
3262 773 3366 828 illis
3392 774 3596 828 solatia-

2008 863 2341 931 quzerebant,
2369 862 2462 934 qui
2490 863 2811 934 semetipsos
2843 863 3128 920 defendere
3172 880 3280 920 non
3312 872 3582 936 poterant.

2005 953 2145 1010 Hinc
2173 970 2387 1027 quoque
2432 954 2632 1010 factum
2663 965 2766 1022 est,
2800 957 2940 1026 quod
2988 955 3228 1027 reliquiae
3253 955 3582 1020 Iudaeorum,

2006 1060 2128 1116 qua:
2167 1055 2289 1116 post
2324 1047 2678 1102 vastationem
2734 1047 2884 1101 urbis
2927 1046 3274 1102 Hierusalem
3317 1047 3587 1104 derelicta:

2006 1147 2133 1194 sunt
2174 1152 2204 1192 a
2255 1137 2611 1195 Nabuzardan
2659 1140 2903 1210 principe
2945 1139 3150 1195 militia:
3192 1140 3260 1195 ad
3307 1140 3585 1196 colendam

2007 1239 2212 1288 terram
2243 1231 2352 1304 (IV
2390 1232 2520 1304 Reg.
2553 1232 2705 1306 xxv),
2743 1232 3027 1288 interfecto
3059 1233 3127 1287 ab
3155 1231 3380 1288 lsmaele
3405 1233 3588 1289 Godo-

2005 1322 2100 1389 lia,
2127 1339 2287 1394 quem
2316 1324 2561 1397 praefecit
2587 1335 2917 1382 memoratus
2945 1325 3301 1380 Nahuzardan
3328 1336 3503 1392 terrm,
3533 1334 3592 1383 et

2008 1417 2140 1488 ipsis
2165 1418 2428 1490 reliquiis,
2448 1433 2571 1489 quae
2603 1418 2673 1474 ibi
2705 1425 3100 1483 remanserant,
3127 1426 3273 1473 metu
3290 1419 3588 1484 exterritaa,

2007 1519 2194 1565 contra
2220 1511 2443 1566 verbum
2477 1511 2594 1576 Dei,
2625 1512 2769 1582 quod
2807 1512 2888 1567 eis
2913 1527 3012 1582 per
3035 1506 3326 1566 Jeremiam
3365 1511 3592 1564 manda-

2006 1607 2184 1665 verat,
2215 1599 2270 1654 in
2299 1597 2594 1671 Egyptum
2626 1600 2982 1666 transierunt,
3024 1601 3177 1672 quasi
3219 1599 3289 1655 ab
3319 1599 3590 1672 Egyptiis

2007 1695 2198 1744 contra
2235 1687 2609 1744 Chaldaeorum
2643 1704 2797 1744 arma
2840 1691 3053 1760 possint
3103 1689 3263 1744 tueri.
3308 1685 3416 1744 Sed
3452 1704 3591 1744 vana

2007 1775 2108 1831 fuit
2132 1777 2248 1833 hac
2271 1792 2396 1848 spes
2424 1793 2633 1834 eorum.
2665 1779 2864 1847 Quinto
2899 1779 3162 1849 siquidem
3199 1795 3343 1835 anno
3370 1780 3594 1851 captivi.

320 1873 459 1930 bene
484 1873 788 1929 viventibus
823 1874 1060 1944 deputet,
1091 1882 1147 1928 et
1191 1888 1322 1944 erga
1366 1887 1650 1944 perversos
1663 1871 1788 1942 jura
1818 1887 1906 1928 re-
1932 1857 1980 1924 B
2009 1867 2136 1922 tatis
2179 1865 2698 1936 Hierosolymorum,
2744 1879 2806 1923 ut
2847 1867 3116 1939 Iosephus
3147 1868 3335 1933 refert,
3367 1870 3458 1938 qui
3508 1875 3594 1924 cst

320 1951 601 2019 ctitudinis
630 1978 738 2018 non
783 1976 1040 2018 exercere
1081 1961 1355 2017 formidet.
1389 1961 1524 2016 Nam
1564 1961 1734 2033 liquet
1759 1961 1904 2032 quod

317 2073 508 2114 omnes
543 2059 791 2114 homines
817 2065 1011 2112 natura
1036 2057 1274 2128 aequales
1299 2065 1425 2111 sunt
1447 2055 1614 2127 geniti
1642 2073 1655 2110 :
1682 2055 1777 2110 sed
1811 2070 1905 2109 va-

318 2149 496 2205 riante
521 2149 837 2204 meritorum
861 2149 1076 2213 ordine,
1105 2147 1242 2204 alios
1283 2147 1373 2202 alii
1409 2148 1563 2218 culpa
1603 2148 1902 2219 postponit.

317 2240 436 2314 ipsa
477 2249 656 2297 autem
699 2241 988 2296 diversitas
1014 2256 1133 2311 qua:
1176 2242 1410 2298 accessit
1449 2256 1515 2296 ex
1539 2241 1692 2307 vitio,
1720 2241 1906 2296 divino

315 2329 518 2402 judicio
545 2333 907 2402 dispensatur,
940 2340 1001 2387 ut
1027 2332 1150 2404 quia
1183 2333 1359 2388 omnis
1386 2333 1548 2389 homo
1572 2346 1726 2403 atque
1755 2337 1904 2387 stare

318 2437 423 2477 non
451 2422 610 2486 valet,
653 2421 792 2477 alter
836 2430 1055 2494 regatur
1079 2423 1147 2476 ab
1190 2421 1378 2477 altero.
1410 2420 1563 2478 Unde
1588 2422 1771 2478 cuncti
1807 2421 1902 2493 qui

316 2521 554 2582 praesunt
595 2528 703 2568 non
751 2512 806 2568 in
836 2529 895 2568 se
942 2521 1267 2583 potestatem
1318 2514 1517 2570 debent
1560 2515 1768 2570 ordinis
1807 2514 1904 2570 sed

315 2601 682 2674 aequalitatem
711 2617 943 2674 pensare
964 2604 1311 2671 conditionis,
1343 2620 1443 2660 nec
1467 2620 1702 2674 praeesse
1733 2621 1792 2662 se
1813 2608 1905 2662 ho-

317 2691 554 2749 minibus
582 2695 870 2764 gaudeant,
900 2696 995 2751 sed
1018 2695 1298 2766 prodesse.
1323 2695 1545 2766 Antiqui
1574 2698 1774 2752 etenim
1806 2712 1904 2768 pa-

317 2791 433 2840 tres
455 2785 626 2841 nostri
653 2800 758 2840 non
797 2802 954 2859 reges
991 2788 1291 2854 hominum,
1323 2789 1417 2844 sed
1457 2797 1704 2862 pastores
1734 2805 1899 2862 peco-

317 2889 438 2928 rum
470 2872 637 2930 fuisse
664 2885 1052 2943 memorantur,
1083 2885 1138 2933 et
1165 2893 1286 2934 cum
1318 2879 1430 2936 Noe
1455 2880 1717 2937 Dominus
1743 2881 1901 2939 ﬁliis-

315 2980 424 3036 que
445 2965 564 3038 ejus
592 2969 832 3025 diceret:
857 2986 877 3020 ‹
906 2969 1148 3026 Crescite
1176 2983 1233 3026 ct
1257 2973 1710 3044 multiplicamini,
1740 2983 1795 3029 et
1823 2989 1904 3030 re-

313 3059 459 3130 plete
480 3069 702 3128 terram,
732 3080 753 3114 ›
785 3064 1032 3131 protinus
1057 3063 1304 3134 adjunxit
1333 3083 1347 3118 :
1376 3085 1396 3117 ι
1427 3067 1493 3121 Ει
1521 3077 1698 3122 terror
1724 3076 1906 3122 vester

313 3163 379 3203 ac
405 3154 611 3206 tremor
658 3153 730 3210 sit
775 3169 939 3224 super
971 3167 1166 3213 cuncta
1196 3159 1451 3214 animalia
1494 3167 1674 3214 terrae.
1703 3177 1723 3212 ι
1754 3157 1902 3226 Quo-

2003 1959 2195 2014 tertius
2223 1969 2278 2014 et
2301 1959 2595 2014 vicesimus
2619 1959 2772 2029 regni
2812 1957 3328 2026 Nabuchodonosor,
3372 1959 3425 2012 in
3456 1957 3594 2013 infe-

2003 2050 2135 2104 riori
2167 2047 2327 2120 Syria
2351 2058 2776 2106 castrametatus
2797 2059 2882 2107 est
2903 2051 3044 2107 idem
3072 2050 3592 2118 Nabuchodonosor,

2003 2145 2234 2212 ea‘mque
2259 2141 2510 2196 detinens
2533 2143 2883 2212 expugnavit,
2909 2151 2965 2196 et
2987 2143 3342 2206 Ammonitas,
3367 2151 3422 2196 et
3445 2142 3562 2198 Mea

2002 2227 2166 2282 bitas.
2216 2228 2459 2299 Cumque
2501 2230 2832 2285 subdidisset
2879 2231 2978 2285 has
3019 2240 3206 2302 gentes
3253 2233 3491 2302 perrexit
3523 2233 3590 2286 ad

2002 2317 2324 2390 Egyptum,
2350 2335 2580 2390 eamque
2607 2320 2892 2376 subvertit.
2928 2321 2995 2378 Et
3043 2335 3226 2392 regem
3256 2321 3471 2391 quidem
3497 2322 3590 2392 qui

2005 2418 2132 2466 tunc
2161 2411 2232 2465 ibi
2261 2419 2380 2465 erat
2408 2411 2629 2477 occidit,
2657 2411 2932 2480 aliumque
2955 2411 3004 2466 ei
3053 2411 3107 2466 in
3133 2426 3197 2466 ea
3227 2411 3588 2474 constituens.

2005 2502 2181 2557 denuo
2206 2499 2420 2557 Iudaeos
2449 2503 2694 2572 captivos
2722 2503 2876 2558 duxit
2901 2502 2956 2557 in
2998 2501 3348 2572 Babylonem,
3387 2510 3442 2556 ct
3479 2501 3589 2556 He-

2003 2593 2271 2649 braeorum
2302 2609 2474 2665 genus
2524 2591 2832 2665 huiusmodi
2871 2595 3062 2651 habuit
3101 2596 3409 2650 terminum.
3439 2593 3592 2651 Unde

2003 2693 2062 2740 et
2086 2687 2332 2756 sequitur
2359 2704 2372 2741 :

2079 2775 2239 2832 Sade.
2286 2795 2306 2828 ‹
2341 2775 2772 2834 Lubricaverunt
2817 2778 3043 2848 vestigia
3075 2786 3261 2834 nostra
3306 2776 3360 2833 in
3398 2776 3592 2834 itinere

2013 2885 2032 2919 ι
2061 2865 2365 2938 platearum
2388 2877 2716 2934 nostrarum,
2749 2871 3200 2942 appropinquavit
3224 2870 3347 2926 ﬁnis
3369 2879 3586 2927 noster:

2012 2977 2030 3009 ε
2065 2957 2315 3029 completi
2342 2970 2469 3014 sunt
2494 2949 2612 3017 dies
2640 2962 2833 3028 nostri,
2854 2965 2981 3033 quia
3007 2963 3155 3017 venit
3185 2962 3308 3017 ﬁnis
3327 2971 3531 3018 noster.
3565 2981 3585 3013 ι

2007 3052 2232 3124 Mystice
2260 3065 2440 3109 autem
2473 3056 2720 3126 quisquis
2747 3056 2962 3111 deserto
2993 3071 3102 3111 uno
3127 3069 3256 3109 vero
3298 3056 3408 3110 Deo
3433 3053 3555 3123 adju
3575 3083 3591 3093 -

2010 3145 2209 3200 torium
2233 3146 2426 3214 quaerit
2465 3162 2496 3200 a
2525 3145 2756 3216 spiritali
2785 3145 3040 3217 Egypto,
3084 3147 3186 3202 hoc
3227 3155 3334 3214 est,
3376 3145 3445 3202 ab
3484 3147 3591 3202 hoc

316 3256 439 3297 rum
469 3243 721 3301 videlicet
761 3255 940 3303 terror
964 3263 1030 3305 ac
1069 3258 1271 3305 tremor
1312 3265 1433 3306 esse
1459 3264 1624 3320 super
1648 3249 1900 3305 animalia

2007 3235 2230 3300 mundo,
2259 3242 2314 3290 et
2347 3235 2554 3291 lubrica
2581 3235 2740 3304 hujus
2765 3238 2950 3291 saeculi
2979 3237 3155 3308 pergit
3177 3237 3428 3308 vestigia,
3450 3253 3588 3292 vana

315 3347 473 3397 terrae
497 3342 839 3413 pmcipitur,
879 3344 1125 3416 profecto
1156 3361 1277 3402 esse
1307 3361 1471 3416 super
1507 3345 1758 3401 homines
1783 3360 1905 3416 pro-

315 3431 554 3499 hibetur,
580 3433 743 3490 homo
767 3436 965 3507 quippe
993 3437 1167 3492 brutis
1195 3438 1539 3504 animalibus,
1582 3455 1690 3494 non
1719 3448 1904 3495 autem

318 3522 629 3580 hominibus
658 3527 869 3582 caeteris
897 3536 1092 3582 natura
1120 3529 1375 3600 praelatus
1398 3539 1504 3596 est,
1535 3539 1591 3586 et
1615 3532 1816 3588 idcirco
1850 3534 1902 3589 ei

317 3615 537 3683 dicitur,
589 3624 650 3670 ut
681 3619 750 3672 ab
778 3618 1123 3685 animalibus,
1151 3629 1206 3674 et
1245 3637 1353 3676 non
1388 3622 1456 3675 ab
1500 3623 1811 3678 hominibus
1838 3625 1904 3678 ti-

317 3716 550 3773 meatur,
575 3709 700 3779 quia
723 3717 912 3764 contra
938 3718 1188 3764 naturam
1212 3713 1492 3781 superbire
1513 3721 1596 3768 est
1618 3714 1688 3768 ab
1706 3715 1902 3785 aequali

315 3797 456 3854 velle
481 3799 678 3864 timeri,
707 3809 763 3855 et
790 3809 969 3856 tamen
993 3815 1212 3858 necesse
1231 3814 1315 3858 est
1358 3812 1417 3857 ut
1443 3813 1682 3861 rectores
1707 3822 1740 3862 a
1776 3808 1903 3862 sub-

319 3893 446 3949 ditis
473 3894 785 3960 timeantur,
813 3893 1029 3963 quando
1059 3894 1125 3948 ab
1157 3894 1236 3950 eis
1266 3894 1434 3950 Deum
1471 3897 1693 3953 minime
1719 3898 1900 3954 timeri

319 3985 748 4055 deprehendunt,
771 3993 830 4041 ut
867 3985 1104 4041 humana
1137 3986 1328 4042 saltem
1358 3986 1647 4045 formidine
1672 4005 1901 4061 peccare

315 4087 580 4145 metuant,
612 4079 705 4148 qui
731 4078 912 4133 divina
935 4078 1138 4149 judicia
1173 4095 1282 4135 non
1309 4079 1626 4137 formidant.
1667 4081 1902 4138 Possunt

314 4181 370 4228 et
390 4173 699 4244 superiores
749 4172 1069 4239 sententiae,
1136 4187 1256 4244 quae
1305 4173 1588 4231 clamando
1640 4175 1900 4232 recedere

313 4264 546 4334 pollutos
563 4264 776 4336 jubeut,
821 4277 876 4322 et
903 4267 1185 4340 jurgantes
1228 4267 1338 4324 illis
1379 4268 1718 4334 denuntiant,
1752 4269 1898 4340 quod

313 4357 456 4410 ultra
480 4357 738 4413 Dominus
762 4371 859 4413 eos
885 4374 991 4413 non
1029 4359 1271 4427 recipiat,
1302 4372 1477 4428 neque
1505 4359 1560 4413 in
1588 4359 1670 4414 eis
1690 4359 1898 4414 inhabi-

315 4455 412 4512 tet,
442 4461 510 4502 ex
531 4461 762 4516 persona
794 4449 1033 4504 hostium
1063 4449 1236 4520 gentis
1255 4446 1561 4504 Judaeorum
1585 4449 1776 4519 accipi,
1802 4451 1892 4520 qui

314 4537 646 4592 insultabant
675 4540 922 4608 captivis,
949 4539 1167 4608 quando
1194 4553 1290 4608 per
1316 4539 1623 4594 violentiam
1655 4539 1720 4594 de
1749 4547 1896 4594 terra

315 4643 411 4683 sua
456 4643 551 4683 eos
589 4627 886 4696 ejecerunt,
935 4629 989 4683 in
1019 4637 1219 4683 terram
1261 4628 1491 4684 alienam
1530 4629 1890 4696 adduxerunt,

313 4718 458 4788 quod
485 4718 684 4773 deserti
712 4727 768 4773 et
795 4718 1035 4773 derelicti
1060 4728 1184 4774 sunt
1217 4734 1246 4772 a
1272 4721 1381 4774 Deo
1409 4728 1466 4774 et
1493 4719 1674 4774 divino
1694 4719 1895 4776 auxilio

314 4809 575 4874 destituti,
610 4825 712 4865 nec
740 4825 889 4878 spem
934 4811 1261 4866 reversionis
1284 4811 1445 4866 ullam
1477 4813 1558 4866 eis
1587 4825 1892 4879 remanere,

311 4903 408 4960 sed
435 4903 492 4957 in
517 4910 836 4973 perpetuum
877 4903 1162 4959 damnatos
1185 4903 1318 4958 fore.
1349 4904 1528 4971 Quare
1558 4903 1756 4959 deserti
1788 4904 1896 4959 sint

309 5009 343 5049 a
370 4993 623 5061 Domino,
660 5009 890 5065 sequens
932 4996 1199 5051 sententia
1239 4995 1521 5066 Prophetas
1560 4995 1891 5052 manifestat.

382 5085 507 5140 Ain.
555 5104 576 5138 ι
609 5085 745 5142 Cum
775 5086 954 5142 adhuc
971 5087 1388 5144 subsisteremus
1408 5088 1723 5145 defecerunt
1749 5088 1895 5145 oculi

318 5199 338 5233 ι
374 5180 546 5235 nostri
574 5180 642 5235 ad
671 5180 933 5235 auxilium
978 5188 1224 5236 nostrum
1252 5181 1476 5247 varium,
1504 5197 1628 5236 cum
1660 5183 1896 5251 respice-

318 5291 338 5324 c
375 5287 558 5327 remus
585 5274 777 5328 attenti
809 5273 876 5327 ad
907 5281 1121 5345 gentem
1153 5288 1273 5342 quae
1287 5272 1499 5328 salvare
1526 5287 1626 5328 nos
1659 5288 1764 5328 non
1794 5289 1894 5344 po-

319 5383 338 5414 ε
373 5371 532 5418 terat.
564 5383 582 5414 ι
616 5363 908 5436 (Mannum)
949 5363 1062 5420 Hoc
1090 5371 1280 5418 narrat
1303 5364 1446 5433 quod
1490 5363 1704 5434 quando
1727 5377 1758 5416 a
1795 5363 1899 5420 Do-

315 5452 463 5508 mino
493 5457 858 5524 arguebantur
877 5469 978 5524 pro
1013 5454 1308 5511 sceleribus
1335 5454 1448 5509 suis
1475 5469 1582 5514 non
1621 5454 1690 5510 ad
1718 5455 1895 5526 ipsum

313 5544 559 5598 conversi
584 5554 706 5599 sunt
735 5559 833 5614 per
857 5546 1255 5614 paenitentiam,
1283 5561 1458 5616 neque
1494 5547 1562 5601 ad
1590 5545 1706 5616 ejus
1734 5549 1897 5604 mise-

313 5634 608 5690 ricordiam
633 5633 1014 5706 confugerunt,
1051 5647 1318 5709 quatenus
1341 5636 1460 5706 ejus
1493 5653 1596 5708 ope
1631 5639 1702 5694 ab
1727 5639 1898 5695 hosti-

313 5725 416 5782 bus
461 5725 824 5796 eriperentur.
888 5725 994 5780 Sed
1056 5727 1358 5784 forinsecus
1403 5728 1472 5782 ab
1499 5727 1619 5782 aliis
1645 5728 1899 5800 gentibus

310 5815 572 5875 auxilium
600 5818 932 5887 quaerebant,
972 5819 1039 5874 ab
1067 5818 1337 5892 :Egyptiis
1364 5819 1633 5887 videlicet,
1669 5819 1752 5876 vel
1797 5820 1899 5878 As-

677 5915 954 5976 Pnnon.
995 5914 1162 5975 CXI.

1921 4589 1975 4651 Β

2006 3337 2100 3392 spe
2130 3324 2367 3389 delusus,
2426 3325 2663 3381 hostium
2706 3325 3030 3395 spiritalium
3079 3330 3137 3381 tit
3181 3327 3382 3398 praeda.
3437 3327 3590 3382 Unde

2005 3417 2269 3484 scriptum
2314 3424 2438 3470 est:
2473 3435 2492 3468 ‹
2523 3417 2791 3488 Ᾱῖιςγρωε
2839 3420 2982 3474 enim
3044 3435 3183 3474 vane
3242 3421 3593 3476 auxiliabitur

2006 3504 2142 3577 (Isa.
2174 3505 2328 3577 xxx).
2364 3525 2385 3558 ι
2421 3506 2490 3561 Et
2514 3505 2682 3562 item:
2722 3526 2740 3559 ι
2776 3508 3087 3564 Maledictus
3117 3511 3279 3565 homo
3299 3512 3389 3580 qui
3421 3512 3592 3566 conﬁ-

2005 3599 2085 3652 dit
2108 3599 2163 3652 in
2191 3597 2428 3662 homine,
2461 3606 2516 3653 et
2550 3610 2713 3668 ponet
2749 3615 2968 3655 carnem
3010 3602 3288 3656 brachium
3329 3617 3504 3669 suum,
3531 3616 3588 3658 et

2004 3703 2037 3744 a
2069 3688 2300 3744 Domino
2325 3689 2533 3745 recedit
2562 3705 2656 3745 cor
2676 3688 2792 3758 ejus
2814 3690 2946 3762 (Jer.
2980 3693 3136 3765 xvn).
3166 3711 3184 3743 ι

2075 3779 2239 3850 Coph.
2297 3799 2316 3832 ι
2352 3779 2661 3837 Velociores
2709 3782 2930 3838 fuerunt
2984 3794 3362 3856 persecutores
3414 3788 3585 3842 nostri

2009 3887 2030 3923 ε
2067 3870 2261 3941 aquilis
2288 3870 2434 3937 coeli,
2476 3887 2638 3942 super
2666 3886 2878 3929 montes
2907 3876 3177 3946 persecuti
3205 3885 3332 3932 sunt
3363 3895 3480 3944 nos,
3531 3881 3587 3935 in

2009 3980 2027 4013 ι
2067 3962 2280 4018 deserto
2333 3961 2574 4017 insidiati
2619 3971 2746 4018 sunt
2782 3965 2958 4020 nobis.
2992 3984 3011 4016 ι
3045 3962 3250 4039 (Gr-eg.)
3291 3967 3394 4024 Per
3438 3973 3585 4040 rapi-

2002 4056 2128 4111 dum
2161 4053 2400 4111 volatum
2446 4055 2648 4120 avium,
2691 4055 2920 4111 validam
2968 4065 3023 4112 et
3053 4058 3289 4114 velocem
3318 4060 3590 4134 signiﬁcat

1999 4147 2432 4218 persecutionem
2458 4147 2717 4213 hostium,
2751 4147 2843 4217 qui
2875 4148 3018 4204 infra
3057 4150 3294 4221 patriam
3326 4155 3591 4210 constitu—

2000 4255 2106 4312 tos,
2137 4253 2194 4302 et
2218 4247 2431 4301 deserta
2456 4245 2632 4316 patria
2661 4243 2914 4317 fugitivos
2954 4247 3121 4303 nimia
3146 4248 3468 4306 crudelitate
3513 4253 3587 4306 in-

1999 4340 2170 4397 secuti
2193 4349 2337 4396 sunt.
2363 4339 2420 4396 In
2449 4337 2728 4412 Scriptura
2750 4339 2946 4411 quippe
2966 4357 3122 4397 sacra
3149 4344 3411 4400 vocabulo
3432 4347 3586 4414 aqui-

2000 4432 2062 4488 lae
2093 4431 2384 4504 aliquando
2429 4431 2652 4503 maligni
2682 4431 2925 4502 spiritus,
2962 4441 3208 4502 raptores
3253 4435 3580 4501 animarum,

1999 4524 2292 4596 aliquando
2340 4524 2622 4594 praesentis
2681 4522 2864 4578 saeculi
2915 4533 3241 4593 potestates,
3292 4526 3584 4595 aliquando

2002 4633 2135 4672 vero
2171 4616 2258 4671 vel
2297 4615 2662 4671 subtilissimae
2707 4626 3020 4670 sanctorum
3072 4617 3462 4687 intelligentiae,
3501 4618 3589 4672 vel

2003 4712 2319 4766 incarnatus
2371 4709 2632 4764 Dominus
2680 4708 2791 4763 ima
2839 4709 3090 4764 celeriter
3137 4710 3494 4775 transvolans,
3533 4721 3591 4766 et

2004 4819 2128 4859 mox
2156 4817 2366 4858 summa
2395 4809 2644 4872 repetens
2665 4801 2997 4872 designatur.
3025 4800 3340 4870 Aquilarum
3369 4803 3589 4858 nomine

2004 4896 2349 4951 insidiatores
2366 4894 2594 4964 spiritus
2609 4893 3004 4963 exprimuntur,
3017 4891 3254 4948 Jeremia
3275 4902 3586 4960 attestante,

2005 4987 2098 5056 qui
2118 4988 2225 5041 ait:
2259 5006 2278 5039 ι
2300 4985 2607 5042 Velociores
2622 4983 2842 5040 fuerunt
2854 4992 3236 5052 persecutores
3250 4985 3419 5038 nostri
3435 4985 3588 5055 aqui-

2002 5078 2071 5134 lis
2093 5079 2237 5135 cmli.
2273 5099 2290 5131 ι
2317 5077 2702 5134 Persecutores
2723 5077 2868 5132 enim
2887 5077 3060 5132 nostri
3081 5075 3276 5146 aquilis
3295 5076 3418 5131 caeli
3443 5077 3588 5131 velo-

2003 5174 2180 5230 ciores
2221 5180 2368 5236 sunt,
2403 5185 2526 5224 cum
2556 5177 2706 5224 tanta
2735 5177 2924 5223 contra
2955 5183 3056 5222 nos
3081 5168 3302 5238 maligni
3339 5169 3584 5224 homines

2003 5264 2227 5330 faciunt,
2254 5273 2313 5318 ut
2334 5265 2478 5332 ipsas
2489 5262 2652 5317 etiam
2675 5261 2850 5316 aerias
2875 5268 3168 5331 potestates
3188 5261 3586 5318 inventionibus

2002 5356 2226 5412 malitiae
2274 5353 2471 5425 praeire
2517 5353 2821 5408 videantur.
2869 5352 3078 5422 Aquilae
3128 5353 3388 5409 vocabulo
3429 5364 3585 5424 pote.

2005 5457 2121 5504 stas
2159 5457 2376 5502 terrena
2421 5444 2701 5514 ﬁguratur.
2739 5443 2890 5500 Unde
2935 5459 3033 5515 per
3074 5444 3412 5500 Ezechielem
3454 5460 3585 5514 pro-

2005 5543 2223 5614 phetam
2265 5542 2500 5595 dicitur:
2539 5559 2558 5591 ι
2587 5539 2782 5610 Aquila
2826 5539 3064 5609 grandis,
3114 5554 3432 5610 magnarum
3477 5537 3589 5591 ala-

2003 5650 2148 5697 rum,
2186 5633 2346 5703 longo
2373 5631 2740 5687 membrorum
2784 5632 2964 5696 ductu,
2997 5631 3152 5701 plena
3182 5632 3376 5702 plumis
3401 5639 3456 5684 et
3487 5644 3586 5683 va-

2004 5725 2387 5790 rietate,venit
2414 5725 2481 5780 ad
2499 5723 2857 5788 Libanum,et
2883 5724 3002 5778 tulit
3028 5724 3318 5779 medullam
3337 5721 3505 5784 cedri,
3532 5729 3588 5776 et

2006 5817 2374 5876 summitatem
2424 5816 2694 5873 frondium
2722 5816 2840 5888 ejus
2881 5817 3096 5872 evulsit.
3133 5837 3152 5868 ν
3199 5817 3312 5882 Qua
3346 5815 3574 5870 videlice

3075 5913 3152 5972 ῖιΟ
