4056 6336
439 375 579 436 1259

1070 373 1148 434 Β(
1171 377 1426 435 RABA‘NI
1460 377 1680 436 MAURl
1715 375 2032 432 ARCHIEP.
2073 373 2382 432 MOGUNT.
2418 363 2702 432 OPERUM
2735 371 2919 430 PARS
2953 368 3042 430 Ill.

437 488 640 561 aquila,
666 488 788 559 quis
817 487 956 545 alius
979 503 1143 559 quam
1171 488 1668 546 Nabuchodonosor
1706 492 1808 542 rex
1839 486 2016 558 Baby-
2041 483 2096 554 Α
2118 485 2411 542 multorum
2437 485 2580 551 tulit,
2605 493 2662 541 et
2686 500 2783 556 pro
2809 481 3303 560 transgressoribus
3329 483 3563 557 rogavit
3585 484 3740 558 (lu.

435 581 594 637 lonia}
621 579 960 651 designatur,
983 582 1076 652 qui
1103 596 1202 651 pro
1224 581 1590 638 immensitate
1616 579 1889 638 exercitus
1909 593 2018 634 rua-

438 689 665 747 gnarum
706 673 938 740 alarum,
977 687 1076 744 pro
1125 672 1474 730 diuturnitate
1515 680 1817 741 temporum
1858 669 2017 739 longo

441 765 808 821 membrorum
845 765 1026 828 ductu,
1066 778 1167 836 pro
1211 761 1393 818 multis
1438 777 1568 818 vero
1618 760 1821 819 divitiis
1858 759 2018 830 plena

441 853 656 926 plumis,
679 869 781 925 pro
809 852 1090 908 innumera
1118 861 1298 907 autem
1333 859 1562 908 terrenae
1589 849 1773 922 gloria:
1798 863 2018 919 compo-

449 945 648 1002 sitione
667 943 827 1016 plena
853 941 1114 1000 varietate
1141 943 1498 1000 describitur?
1513 941 1644 1010 Quae
1665 942 1812 998 venit
1838 942 1906 997 ad
1931 940 2020 996 Li-

441 1039 639 1094 banum
661 1047 718 1094 et
733 1037 854 1092 tulit
883 1035 1171 1092 medullam
1200 1037 1370 1102 cedri,
1398 1047 1453 1094 et
1483 1036 1849 1093 summitatem
1871 1033 2020 1091 fron-

440 1131 588 1187 dium
621 1129 738 1200 ejus
777 1129 992 1197 evulsit,
1019 1131 1144 1202 quia
1165 1127 1365 1187 Judaaze
1394 1130 1772 1186 celsitudinem
1806 1137 2018 1200 petens,

441 1221 774 1279 nobilitatem
804 1222 952 1292 regni
981 1223 1116 1294 ejus,
1143 1224 1294 1294 quasi
1329 1221 1617 1279 medullam
1653 1218 1798 1276 cedri
1825 1210 2022 1273 'abstu—

440 1315 522 1382 lit,
553 1324 608 1371 et
648 1313 774 1372 dum
813 1316 1160 1372 tenerrimam
1215 1331 1404 1388 regum
1449 1313 1654 1386 prolem
1687 1328 1717 1366 a
1747 1312 1897 1382 regni
1939 1309 2023 1366 sui

442 1406 675 1462 culmine
699 1407 1024 1479 captivando
1047 1403 1283 1473 sustulit,
1309 1404 1464 1476 quasi
1487 1399 1853 1460 summitatem
1875 1403 2024 1454 tron-

439 1499 585 1556 dium
611 1480 728 1570 ejus
763 1498 975 1554 evulsit.
1005 1497 1174 1553 Aliter
1195 1495 1388 1568 aquila:
1413 1495 1698 1562 vocabulo,
1735 1491 1819 1548 vel
1852 1491 2024 1546 subti-

439 1591 506 1647 lis
552 1599 864 1648 sanctorum
915 1588 1291 1663 intelligentia,
1351 1587 1437 1643 vel
1474 1587 1684 1642 volatus
1731 1582 2025 1638 Dominicae

445 1683 779 1740 ascensionis
815 1683 1158 1754 exprimitur.
1193 1680 1346 1738 Unde
1402 1680 1541 1735 idem
1595 1677 1856 1748 propheta
1897 1676 2023 1732 dum

441 1775 542 1831 sub
583 1774 894 1834 animalium
929 1773 1144 1846 specie,
1175 1771 1532 1843 evangelistas
1573 1777 1806 1840 quatuor
1848 1781 1908 1823 se
1945 1766 2026 1821 vi-

2119 575 2258 650 Lm).
2281 597 2300 630 ›
2339 576 2609 650 [Hierom]
2651 577 2756 631 Alii
2801 585 2982 634 autem
3023 577 3126 634 hoc
3155 577 3300 649 quod
3329 576 3387 634 in
3419 577 3744 638 Ezechiele

2117 667 2313 739 legitur
2353 667 2645 724 Dominum
2671 669 2741 724 ad
2767 669 3087 742 prophetam
3131 669 3376 730 dixisse:
3406 689 3424 722 ι
3458 670 3575 728 ιε’ϋὲ
3627 673 3742 730 b-

2119 757 2301 826 minis,
2331 759 2572 828 nunquid
2617 773 2730 814 non
2774 758 3028 816 dixerunt
3070 760 3138 815 ad
3191 768 3244 817 te
3282 761 3484 818 domus
3532 763 3738 833 Israel,

2118 848 2309 906 domus
2345 864 2672 920 exasperans
2707 850 2848 920 quid,
2868 861 2924 905 tu
2963 849 3136 908 facis?
3163 850 3260 909 Dic
3303 853 3374 909 ad
3422 869 3531 914 eos
3555 869 3576 910 :
3601 854 3740 912 Hac

2119 940 2251 996 dicit
2269 941 2527 997 Dominus
2549 941 2692 998 Deus
2716 959 2730 1001 :
2752 940 2926 1014 Super
2949 943 3251 1015 principem
3272 945 3380 1004 erit
3403 961 3552 1005 unus
3577 948 3734 1004 istud

2119 1033 2210 1104 qui
2236 1041 2320 1089 est
2348 1033 2404 1088 in
2434 1031 2758 1100 Jerusalem,
2779 1042 2836 1090 et
2863 1049 3030 1106 super
3059 1051 3276 1095 omnem
3302 1038 3529 1098 domum
3557 1039 3736 1099 lsrad

2119 1124 2210 1197 qui
2226 1125 2375 1182 estin
2402 1125 2580 1182 medio
2601 1141 2810 1182 eorum.
2837 1125 2935 1182 Dic
2957 1143 2970 1182 :
2995 1127 3108 1200 Ego
3129 1127 3452 1188 Portentum
3470 1139 3736 1188 vestram

2120 1218 2389 1290 quomodo
2419 1216 2559 1285 feci,
2599 1217 2679 1275 sic
2715 1217 2812 1274 fiet
2837 1217 2966 1285 illis,
2994 1219 3051 1274 in
3083 1221 3630 1292 transmigrationem
3669 1229 3736 1278 α

2121 1311 2488 1382 captivitatem
2516 1311 2672 1368 ibunt
2697 1329 2714 1366 :
2735 1312 2990 1391 princeps
3012 1321 3194 1370 autem
3217 1315 3314 1386 qui
3335 1325 3425 1371 est
3449 1315 3510 1374 in
3541 1317 3736 1376 medio

2120 1417 2308 1459 eorum
2337 1401 2392 1459 in
2413 1404 2656 1462 humeris
2687 1405 3018 1478 portabitur.
3044 1403 3106 1462 In
3130 1405 3363 1479 caligine
3381 1409 3732 1480 egredimur,

2120 1495 2385 1568 parietem
2407 1495 2714 1568 perfodient
2736 1503 2794 1552 ut
2814 1496 3048 1554 educant
3067 1513 3194 1554 eum
3216 1517 3234 1554 :
3257 1497 3430 1568 facies
3449 1500 3578 1572 eius
3591 1517 3742 1572 opai

2122 1587 2313 1654 rietur,
2339 1597 2398 1645 ut
2429 1604 2536 1644 non
2566 1589 2748 1647 videat
2774 1589 2946 1648 oculis
2991 1599 3228 1660 terram;
3257 1593 3562 1654 extendam
3609 1604 3734 1654 ne

2122 1695 2302 1736 meum
2334 1661 2496 1752 super
2520 1681 2696 1750 illum,
2717 1691 2772 1737 et
2797 1683 3040 1756 capietur
3065 1684 3122 1741 in
3143 1699 3344 1757 segem
3370 1701 3520 1752 mea,
3543 1697 3608 1744 et
3625 1688 3732 1743 ad-

2124 1773 2321 1829 ducam
2360 1789 2485 1830 eum
2515 1775 2572 1830 in
2599 1776 2950 1849 Babylonem,
2985 1777 3038 1833 in
3084 1785 3285 1834 terram
3317 1778 3732 1849 Chaldaeum.

441 1870 585 1925 disse
611 1867 962 1933 describeret,
985 1865 1040 1922 in
1067 1866 1148 1922 eis
1191 1865 1295 1920 sibi
1331 1863 1588 1929 hominis,
1621 1862 1811 1927 leonis,
1847 1859 2022 1928 bovis,
2048 1869 2100 1931 Β
2125 1873 2182 1919 et
2231 1865 2406 1936 ipsam
2455 1882 2564 1922 non
2611 1866 2834 1933 videbit,
2866 1867 2942 1927 ibi
2986 1869 3268 1936 morietur,
3295 1877 3356 1928 et
3385 1885 3593 1930 omnes
3635 1875 3732 1944 φ

441 1969 496 2014 et
534 1959 726 2029 aQuihe
755 1958 948 2014 faciem
988 1958 1302 2031 apparuisse
1331 1961 1866 2025 testatur,.quartum
1895 1966 2023 2024 pro-

442 2049 698 2105 culdubio
733 2048 933 2106 animal
969 2047 1233 2104 Joannem
1266 2062 1364 2119 per
1389 2046 1624 2117 aquilam
1657 2045 1900 2117 signans,
1931 2043 2025 2114 qui

444 2141 674 2196 volando
722 2149 920 2197 terram
961 2140 1235 2206 deseruit,
1277 2139 1404 2210 quia
1439 2153 1536 2210 per
1574 2136 1827 2192 subtilem
1868 2135 2028 2192 intel-

441 2233 718 2306 ligentiam
766 2231 978 2290 interna
1015 2233 1276 2304 mysteria
1307 2230 1544 2288 Verbum
1582 2228 1815 2286 videndo
1857 2243 2024 2302 pene-

445 2326 632 2381 travit.

512 2415 634 2473 Res.
682 2435 701 2469 ε
739 2415 976 2489 Spiritus
1009 2417 1122 2474 oris
1159 2416 1352 2483 nostri,
1381 2415 1632 2473 Christus
1656 2415 1915 2471 Dominus
1937 2429 2027 2470 ca-

447 2527 466 2560 r
502 2517 627 2580 ptus
647 2516 732 2564 est
758 2509 810 2564 in
839 2509 1076 2578 peccatis
1099 2507 1321 2572 nostris,
1349 2499 1436 2563 cui
1461 2505 1717 2572 diximus,
1745 2505 1804 2560 ln
1836 2505 2027 2562 umbra

447 2615 467 2650 ι
505 2607 592 2654 tua
615 2599 859 2654 vivemus
883 2600 936 2654 in
961 2583 1230 2670 gentibus.
1265 2618 1283 2651 ι
1314 2595 1606 2671 (ΜΑῠιιυε.)
1631 2597 1784 2653 Hanc
1807 2605 2026 2652 senten-

439 2689 572 2748 tiam
619 2691 820 2746 diversi
865 2699 1113 2748 auctores
1152 2691 1382 2747 diversis
1425 2691 1600 2746 modis
1636 2695 2024 2761 exposuerunt.

439 2778 575 2838 Nam
610 2781 700 2838 alii
747 2797 908 2854 super
949 2797 1104 2856 reges
1146 2779 1486 2848 Judzeorum,
1527 2781 1621 2852 qui
1669 2781 1880 2847 cbristi,
1924 2781 2028 2836 hoc

441 2885 526 2932 est
550 2877 722 2942 uncti,
749 2875 1094 2942 dicebantur,
1123 2871 1232 2946 sub
1269 2889 1500 2946 quorum
1527 2873 1862 2945 protectione
1894 2887 2028 2944 gens

438 2966 747 3024 Judaorum
776 2968 1060 3024 videbatur
1087 2967 1306 3040 degere,
1335 2966 1676 3038 interpretati
1697 2971 1845 3032 sunt,
1871 2963 2028 3036 quasi

439 3067 660 3132 propter
714 3067 936 3130 peccata
994 3059 1176 3130 populi
1240 3059 1343 3128 ipsi
1404 3056 1748 3124 interierint,
1819 3063 1880 3110 ut
1935 3053 2028 3110 Jo-

439 3149 554 3206 sias
609 3149 703 3220 qui
755 3147 934 3218 justus
1002 3165 1124 3208 esse
1179 3149 1374 3221 legitur
1400 3189 1416 3215 ,
1477 3158 1534 3204 et
1582 3148 1764 3204 caeteri
1834 3147 2024 3218 hujus-

2127 1957 2273 2013 circa
2299 1973 2424 2014 eum
2470 1967 2635 2028 sunt,
2670 1959 2980 2032 prmsidium
3031 1961 3150 2032 ejus
3193 1970 3252 2020 et
3295 1965 3517 2035 agmina
3558 1966 3730 2032 alio,

2126 2051 2433 2124 dispergam
2465 2051 2522 2106 in
2549 2066 2763 2107 omnem
2790 2060 3041 2120 ventum,
3069 2043 3126 2110 et
3151 2053 3390 2126 gladium
3413 2057 3728 2126 evasi-allo

2123 2155 2247 2218 post
2271 2163 2387 2215 eos,
2409 2159 2464 2220 et
2492 2149 2665 2204 scient
2691 2151 2819 2221 quia
2839 2166 2940 2222 ego
2965 2152 3244 2218 Dominus,
3267 2154 3494 2224 quando
3510 2155 3730 2225 disputo

2125 2255 2250 2296 sero
2272 2241 2393 2296 illos
2419 2242 2472 2296 in
2497 2243 2767 2325 gentibus,
2791 2253 2845 2300 et
2875 2245 3300 2304 dissemimrero
3316 2262 3416 2304 eos
3433 2248 3496 2302 ί
3523 2258 3727 2315 terras,

2127 2341 2184 2390 et
2208 2332 2509 2404 relinquam
2551 2349 2621 2390 ex
2649 2335 2730 2390 eis
2757 2335 2906 2392 viros
2948 2351 3154 2406 paucos
3177 2353 3209 2394 ι
3233 2337 3434 2409 glutio,
3465 2349 3530 2396 et
3555 2339 3725 2406 fama,

2125 2433 2184 2481 et
2231 2425 2558 2496 pestilentia,
2588 2434 2648 2482 ut
2697 2437 2924 2486 narrent
2962 2429 3149 2488 omnia
3189 2431 3403 2487 scelera
3427 2447 3632 2487 eorum
3673 2433 3728 2490 il

2127 2519 2378 2590 gentibus
2427 2519 2494 2576 ad
2545 2535 2681 2590 quas
2723 2521 3106 2592 egrediantur,
3133 2531 3192 2578 et
3229 2522 3407 2580 scient
3441 2523 3576 2595 quia
3626 2537 3731 2598 ς.

2126 2609 2388 2670 Dominus
2413 2611 2632 2682 (Eucti.
2659 2613 2784 2684 xu).
2815 2632 2834 2666 ι
2861 2611 3024 2685 Juxta
3055 2613 3414 2686 tropum
3429 2617 3532 2686 qui
3553 2629 3731 2686 aqu

2129 2698 2466 2758 Salvatorem
2513 2712 2780 2760 conantur
2825 2717 3129 2774 exponere,
3169 2705 3366 2762 dueum
3407 2707 3511 2776 qui
3541 2717 3638 2764 at
3673 2709 3726 2762 in

2127 2792 2304 2848 medio
2332 2792 2632 2850 Jerusalem
2680 2794 2860 2865 ipsum
2902 2794 3354 2866 interpretantur,
3385 2798 3482 2868 qui
3513 2799 3572 2853 in
3599 2815 3728 2870 por-

2127 2895 2335 2944 tentum
2365 2887 2688 2960 signumque
2716 2888 3080 2960 praecesserit,
3100 2888 3249 2959 quod
3271 2896 3330 2944 et
3355 2889 3476 2960 ipse
3497 2897 3562 2944 et
3587 2891 3726 2946 socii

2126 2978 2245 3050 ejus
2280 2979 2480 3050 captivi
2527 2979 2716 3034 mundi
2761 2979 2922 3036 istius
2966 2979 3098 3046 sint,
3125 2979 3274 3038 eti)
3321 2978 3516 3038 inferis
3547 2981 3728 3037 victa

2128 3069 2448 3136 ascendens,
2475 3069 2530 3125 in
2551 3069 2794 3126 humeris
2813 3077 3063 3141 portatus
3088 3071 3166 3127 sit
3181 3069 3505 3142 angeiorum
3526 3089 3546 3128 ε
3567 3072 3729 3127 ila-
3755 3109 3766 3116 -

2125 3159 2292 3232 ligine
2320 3175 2594 3232 egressus,
2625 3161 2842 3232 ignotus
2883 3161 3208 3226 incredulis,
3231 3161 3516 3223 destructo
3546 3163 3728 3218 main

443 3241 606 3297 modi.
651 3240 756 3296 Alii
792 3247 971 3296 autem
1015 3256 1178 3314 super
1215 3238 1342 3296 Jesu
1382 3239 1602 3296 Christo
1645 3254 1776 3295 vero
1815 3239 2030 3296 univer-
2053 3235 2099 3300 C
2129 3251 2370 3323 pariete,
2397 3251 2584 3309 fecerit
2606 3260 2896 3326 utrumque
2925 3269 3122 3322 unum;
3145 3253 3318 3318 tam
3341 3254 3724 3327 unum

442 3346 628 3388 eorum
669 3330 918 3396 Domino,
949 3339 1004 3387 et
1050 3331 1158 3387 vita
1204 3330 1507 3385 animarum
1547 3328 1786 3384 ﬁdelium
1827 3329 2033 3384 dictum

439 3424 772 3494 intelligunt,
811 3423 912 3480 sub
957 3421 1112 3494 cujus
1158 3422 1323 3478 tutela
1370 3423 1424 3478 in
1467 3421 1736 3478 universis
1782 3407 2034 3493 gentibus

437 3526 686 3576 versatur
731 3518 998 3576 Ecclesia.
1040 3518 1158 3590 [pse
1189 3527 1370 3574 autem
1397 3519 1618 3588 spiritus
1663 3527 1748 3576 est
1785 3518 1900 3574 oris
1935 3532 2032 3573 no-

435 3609 586 3676 stri,t
604 3609 657 3664 in
669 3624 776 3678 quo
788 3609 1038 3675 vivimus,
1055 3617 1418 3674 movemur,et
1430 3625 1620 3664 sumus
1633 3607 1936 3681 (Act.xvu),
1949 3615 2034 3663 iet

435 3715 500 3757 ex
523 3699 676 3771 cujus
705 3715 895 3772 sapore
923 3701 1187 3772 quidquid
1207 3711 1354 3756 recte
1375 3701 1641 3756 sentimus
1654 3700 1916 3769 sapimus,
1938 3697 2032 3770 qui

437 3793 674 3850 traditus
701 3803 785 3850 est
807 3803 1030 3866 propter
1059 3793 1252 3850 delicta
1278 3804 1484 3859 nostra,
1505 3803 1562 3850 et
1584 3794 1880 3858 resurrexit
1904 3809 2032 3864 pro-

435 3897 556 3959 pter
593 3889 1040 3961 justifieationem
1080 3897 1340 3947 nostram.
1374 3887 1606 3958 Scripsit
1644 3888 1788 3947 enim
1829 3887 2031 3958 plenis«

435 3981 574 4037 sime
607 3981 870 4052 propheta
896 3981 1084 4046 Isaias,
1117 3979 1344 4038 dicens:
1377 3998 1396 4032 ‹
1425 3980 1566 4036 Vere
1605 3979 1893 4050 languores
1931 3994 2022 4034 no.

436 4081 582 4129 stros
611 4071 727 4144 ipse
757 4072 898 4140 tulit,
927 4082 982 4128 et
1028 4073 1244 4130 dolores
1290 4081 1510 4128 nostros
1542 4071 1659 4140 ipse
1686 4071 1941 4140 portavit,
1975 4079 2032 4126 et

435 4180 539 4220 nos
566 4165 874 4236 putavimus
897 4180 1021 4220 eum
1051 4165 1206 4238 quasi
1239 4165 1532 4234 leprosum,
1570 4171 1625 4217 et
1651 4179 1967 4234 percussum
1996 4179 2026 4218 a

436 4255 550 4312 Deo
574 4264 630 4312 et
655 4255 1016 4321 humiliatum,
1035 4255 1150 4326 ipse
1171 4263 1352 4309 autem
1375 4253 1684 4308 vulneratus
1705 4263 1790 4310 est
1810 4261 2031 4323 propter

439 4347 755 4417 iniquitates
791 4354 1038 4409 nostras,
1071 4346 1291 4399 attritus
1321 4352 1406 4400 est
1433 4351 1652 4414 propter
1685 4343 1890 4400 scelera
1927 4359 2028 4398 no-

438 4446 572 4492 stra.
607 4437 899 4508 Disciplina
945 4436 1098 4511 pacis
1127 4444 1324 4492 nostra:
1369 4450 1532 4508 super
1573 4451 1719 4503 eum,
1753 4443 1810 4492 et
1855 4437 2029 4493 livore

438 4526 558 4600 ejus
582 4529 756 4586 sanati
777 4543 982 4585 sumus.
1011 4527 1212 4585 Omnes
1234 4542 1333 4584 nos
1363 4527 1520 4599 quasi
1543 4544 1672 4586 oves
1699 4528 2029 4593 erravimus,

2131 3351 2194 3398 ut
2241 3351 2442 3400 terram
2486 3360 2592 3401 non
2638 3346 2894 3417 respiciat
2939 3344 3272 3419 Judreorum.
3307 3346 3422 3406 Nee
3448 3347 3728 3406 mirand

2131 3435 2391 3492 Dominus
2437 3436 2694 3492 celaverit
2736 3421 2933 3497 faciem
2981 3453 3160 3504 suam,
3188 3453 3314 3494 cum
3359 3453 3539 3508 usque
3567 3437 3730 3496 Inﬁt

2131 3534 2259 3582 ante
2301 3526 2509 3581 vultum
2555 3526 2686 3582 Mosi
2730 3527 2977 3584 velamen
3006 3527 3244 3600 positum
3269 3527 3342 3584 sit
3383 3528 3730 3599 populant-

2131 3615 2370 3672 credenti
2417 3633 2431 3671 :
2475 3619 2821 3689 extenditque
2871 3619 3132 3676 Dominus
3186 3629 3302 3682 rete
3347 3635 3510 3676 suum
3561 3635 3758 3692 super.

2131 3707 2303 3774 illum,
2319 3707 2476 3778 juxta
2503 3709 2556 3764 id
2587 3709 2731 3780 quod
2753 3710 2820 3765 de
2847 3725 2914 3765 eo
2937 3725 3134 3781 sponsa
3160 3711 3400 3782 loquitur
3420 3711 3478 3766 in
3499 3711 3732 3768 Cantica

2130 3797 2510 3853 canticorum:
2543 3816 2561 3850 ι
2593 3799 2661 3853 Et
2685 3813 2811 3853 ecce
2855 3798 2960 3853 iste
2996 3807 3119 3868 post
3160 3801 3426 3870 parietem
3476 3810 3730 3859 nostru-

2128 3889 2465 3960 prospiciens
2491 3905 2589 3961 per
2615 3888 2906 3956 fenestras,
2934 3904 3201 3969 apparens
3242 3905 3340 3962 per
3377 3891 3516 3945 retia
3543 3890 3728 3962 (Cant.

2130 3981 2214 4050 ιι).
2246 4001 2264 4033 ι
2288 3983 2366 4039 De
2391 3997 2498 4054 quo
2523 3981 2787 4038 Jeremias
2811 3999 2825 4036 :
2856 4001 2874 4034 ι
2909 3979 3146 4052 Spiritus
3170 3983 3350 4040 vultus
3369 3983 3548 4041 nostri
3571 3983 3734 4040 Chri-

2131 4079 2248 4127 stus
2275 4071 2536 4128 Dominus
2557 4114 2572 4138 ,
2617 4080 2805 4144 captus
2835 4081 2920 4130 est
2945 4073 2998 4128 in
3024 4073 3268 4144 peccatis
3307 4075 3534 4141 nostris,
3561 4095 3586 4128 ι
3615 4082 3672 4130 et
3711 4090 3730 4130 κ

2139 4179 2158 4212 ι
2191 4177 2313 4216 cum
2355 4176 2458 4216 non
2502 4160 2721 4216 fecisset
2746 4172 3050 4233 peccatum,
3103 4178 3202 4234 pro
3250 4163 3408 4222 nobis
3437 4173 3732 4232 peccatum

2129 4249 2307 4307 factus
2343 4260 2446 4308 est.
2483 4273 2502 4304 ι
2537 4273 2556 4304 ‹
2597 4251 2662 4308 Et
2693 4254 3025 4320 adducetur,
3057 4255 3164 4321 ait,
3206 4255 3261 4310 in
3305 4253 3674 4327 Babylonem,
3703 4275 3723 4306 ι

2130 4342 2502 4401 confusionem
2531 4344 2688 4402 istius
2729 4346 2940 4412 mundi,
2987 4345 3042 4400 in
3079 4355 3278 4402 terram
3323 4345 3728 4412 Challaaorum,

2129 4433 2224 4506 qui
2275 4433 2704 4508 interpretantur
2753 4435 2907 4507 quasi
2951 4432 3241 4502 dmmonia,
3271 4446 3330 4492 ut
3366 4451 3460 4492 eos
3491 4437 3588 4508 qui
3619 4439 3732 4492 dar-

2130 4525 2382 4582 monibus
2405 4524 2622 4580 fuerant
2649 4526 2959 4596 mancipati,
2977 4524 3279 4582 retraheret
3300 4526 3366 4582 ad
3391 4525 3647 4590 salutem,
3673 4537 3733 4582 et

437 4619 808 4691 unusquisque
843 4617 897 4674 in
941 4618 1086 4673 viam
1133 4633 1285 4674 suam
1335 4618 1653 4686 declinavit,
1682 4626 1737 4674 et
1767 4619 2026 4675 Dominus
2051 4601 2106 4662 Ῑ)
2132 4619 2402 4690 captivam
2431 4619 2649 4696 duceret
2673 4617 2956 4689 pristinam
2986 4619 3376 4688 captivitatem.
3413 4617 3726 4690 lpsamque,

434 4711 618 4784 posuit
645 4711 698 4766 in
723 4725 789 4766 eo
813 4709 1156 4781 iniquitatem
1181 4709 1422 4764 omnium
1450 4721 1714 4766 nostrum.
1741 4729 1758 4761 ›
1774 4711 1840 4764 Et
1865 4710 1990 4765 item
2011 4729 2024 4766 :

441 4821 464 4856 ι
489 4802 719 4875 Propter
744 4802 940 4867 scelus,
967 4801 1166 4873 inquit,
1191 4801 1374 4873 pepuli
1399 4802 1507 4856 mei
1537 4802 1780 4872 percussi
1808 4818 1956 4869 eum,
1973 4811 2028 4856 ct

437 4895 588 4953 dabit
631 4896 826 4968 impios
872 4912 970 4966 pro
1017 4894 1315 4967 sepultura,
1348 4903 1403 4950 et
1446 4895 1668 4952 divitem
1712 4911 1812 4966 pro
1851 4908 2027 4952 morte

437 5005 558 5054 sua,
586 5004 654 5046 eo
675 4989 818 5058 quod
843 4987 1187 5058 iniquitatem
1218 5002 1328 5042 non
1357 4985 1570 5054 fecerit,
1598 5002 1700 5042 nec
1725 4987 1880 5043 dolus
1910 4986 2026 5043 fue-

436 5080 507 5135 rit
540 5079 596 5134 in
623 5095 718 5134 ore
744 5093 866 5144 suo,
891 5087 948 5134 et
973 5077 1232 5136 Dominus
1271 5077 1443 5134 voluit
1482 5087 1768 5134 conterere
1809 5092 1932 5133 eum
1967 5078 2022 5134 in

437 5167 769 5223 inﬁrmitate.
811 5165 870 5224 Si
903 5168 1142 5239 posuerit
1171 5185 1272 5239 pro
1309 5177 1536 5240 peccato
1575 5168 1812 5224 animam
1845 5184 2018 5234 suam,

435 5257 638 5313 videbit
658 5274 840 5314 semen
863 5259 1183 5330 longaevum,
1199 5270 1254 5317 et
1275 5261 1520 5317 voluntas
1542 5259 1753 5316 Domini
1781 5260 1836 5316 in
1861 5275 2025 5318 manu

437 5345 553 5418 ejus
579 5347 879 5418 dirigetur:
906 5364 1006 5420 pro
1031 5366 1096 5406 eo
1125 5350 1267 5420 quod
1294 5351 1562 5406 laboravit
1587 5351 1772 5406 anima
1799 5351 1914 5422 ejus
1940 5353 2022 5408 vi-

423 5437 605 5506 .debit,
633 5447 689 5494 et
713 5441 1044 5496 saturabitur
1071 5441 1122 5496 in
1154 5444 1382 5500 scientia
1415 5461 1534 5511 sua,
1558 5441 1879 5514 justilicavit
1909 5445 2022 5516 ipse

431 5531 612 5606 justus
635 5547 822 5589 servos
843 5547 994 5590 meos
1017 5535 1238 5603 multos,
1262 5546 1318 5592 et
1346 5537 1663 5608 iniquitates
1691 5554 1878 5596 eorum
1909 5539 2022 5610 ipse

434 5625 696 5696 portabit,
720 5625 842 5681 ideo
869 5625 1183 5697 dispertiam
1213 5629 1260 5684 ei
1292 5629 1574 5700 plurimos,
1604 5640 1660 5687 et
1687 5631 1908 5688 fortium
1941 5631 2022 5686 di-

435 5714 584 5774 videt
594 5715 784 5789 spolia,
799 5732 898 5788 pro
919 5719 1140 5790 eoquod
1162 5719 1381 5776 tradidit
1401 5723 1558 5778 morti
1582 5723 1819 5779 animam
1843 5739 2018 5790 suam,

440 5819 644 5866 etcum
689 5809 968 5869 sceleratis
1014 5819 1292 5882 reputatus
1339 5821 1450 5877 est,
1481 5823 1534 5869 et
1577 5816 1691 5884 ipse
1741 5825 2018 5886 peccatum

2128 4711 2322 4782 inquit,
2354 4720 2555 4768 terram
2593 4710 2970 4768 Chaldaeorum
3009 4727 3116 4768 non
3159 4711 3379 4775 videbit,
3410 4721 3466 4766 et
3495 4711 3570 4768 ibi
3608 4728 3726 4768 mo-

2127 4801 2302 4858 rietur
2348 4812 2408 4858 ut
2457 4819 2644 4859 omnes
2686 4818 2785 4859 nos
2833 4818 2932 4859 sua
2979 4813 3159 4861 morte
3201 4803 3460 4870 vivificet,
3489 4813 3725 4862 cunctus

2129 4902 2309 4949 autem
2337 4895 2612 4966 adjutores
2641 4891 2788 4963 ejus,
2820 4903 2875 4950 et
2916 4895 3094 4952 socios
3124 4895 3396 4966 apostolos
3420 4904 3476 4951 et
3501 4905 3724 4966 aposte-

2125 4985 2261 5042 licos
2301 4987 2448 5042 viros
2479 4986 2737 5056 dispersit
2774 4987 2828 5044 in
2861 4987 3174 5044 universum
3203 4990 3414 5053 orbem,
3451 4997 3508 5043 et
3541 4988 3724 5058 erasi-

2124 5079 2274 5134 navit
2319 5078 2556 5151 gladium
2587 5095 2745 5136 suum
2779 5087 2904 5152 post
2947 5095 3062 5146 eos,
3089 5091 3150 5134 ut
3195 5079 3362 5136 variis
3391 5093 3723 5136 coronaren-

2124 5173 2214 5222 tur
2255 5168 2551 5240 martyriis,
2579 5177 2634 5224 et
2670 5178 2801 5225 tunc
2841 5169 3225 5242 intelligerent,
3258 5168 3345 5225 vel
3377 5167 3518 5240 ipsi,
3551 5169 3636 5222 vel
3661 5168 3720 5222 hi

2121 5261 2218 5334 qui
2241 5277 2340 5332 per
2357 5277 2452 5317 eos
2472 5262 2834 5328 crediderant,
2858 5244 3000 5332 quod
3025 5261 3138 5332 ipse
3159 5261 3230 5316 sit
3245 5259 3527 5324 Dominus,
3557 5259 3719 5317 etid.
3769 5286 3788 5304 .

2122 5351 2272 5407 circo
2306 5368 2400 5408 eos
2435 5353 2752 5422 disperserit
2789 5353 2842 5408 in
2880 5353 3156 5424 gentibus,
3190 5360 3246 5409 et
3287 5351 3722 5428 disseminaverit

2126 5444 2184 5498 in
2219 5445 2408 5511 terris,
2445 5453 2505 5499 ut
2547 5445 2776 5500 multum
2817 5443 3050 5500 fructum
3095 5443 3362 5510 facerent,
3407 5451 3462 5500 et
3501 5443 3726 5512 reliquit

2125 5554 2193 5594 ex
2238 5538 2320 5594 eis
2359 5553 2565 5610 paucos
2609 5539 2779 5604 viros,
2809 5537 2950 5594 sicut
2995 5535 3257 5592 Joamiem
3309 5534 3637 5610 apostolum,
3664 5543 3724 5592 et

2129 5640 2360 5688 caeteros
2376 5671 2392 5696 ,
2417 5646 2447 5685 a
2470 5625 2666 5702 gladio,
2696 5637 2751 5686 et
2776 5628 2944 5694 fame,
2965 5637 3020 5683 et
3032 5627 3342 5698 pestilentia
3367 5626 3722 5692 liberatos,et

2125 5723 2566 5796 persecutionum
2589 5723 2847 5795 impetum
2880 5719 3233 5789 declinantes,
3261 5729 3322 5778 ut
3351 5727 3576 5776 narrent
3599 5732 3722 5776 ece-

2078 5885 2082 5890 _
2124 5817 2240 5874 lera
2273 5815 2578 5872 Judaeorum
2608 5813 2996 5886 “iniquitates
3022 5822 3340 5872 cunctarum
3364 5811 3610 5883 gentium
3646 5809 3724 5868 ad
