4056 6336
251 528 386 595 1261

1132 537 1492 603 EXPOSITIO
1532 535 1757 593 SUPER
1786 533 2152 592 JEREMIAM.
2190 566 2262 579 -
2296 534 2426 591 LIB.
2468 533 2587 590 XX.
2663 588 2671 603 ,

3350 536 3487 593 1262

251 667 385 724 quas
411 648 641 723 ingressi
668 620 812 717 sunt,
843 659 903 707 ut
940 659 1059 707 acta
1085 653 1398 722 poenitentia
1438 651 1641 709 scirent
1680 646 1823 719 quod
1847 647 2189 717 Asiquidem
2234 646 2470 705 ﬁdelium
2516 645 2762 702 Christus
2805 656 2889 702 est
2935 648 3217 715 Dominus,
3247 652 3337 720 qui
3382 668 3488 707 non

252 744 368 815 ipse
409 750 550 799 esset
576 740 852 803 Dominus.
879 742 1007 801 Haec
1047 741 1299 806 diximus,
1330 742 1549 803 lectoris
1595 738 1820 797 arbitrio

253 835 507 904 Indicium
532 834 893 905 relinquentes
927 853 942 891 :
972 842 1225 891 eaaterum
1262 835 1406 891 nulla
1428 834 1692 892 dubitatio
1718 841 1821 900 est,

253 926 609 997 perieulosum
642 941 765 987 esse
807 927 953 998 regis
989 926 1140 997 impii
1167 927 1535 997 captivitatem
1561 935 1616 984 et
1638 940 1823 983 necem

254 1027 595 1079 sacramento
618 1017 715 1075 Dei
744 1034 1080 1089 coniparare.

325 1108 447 1171 Sin;
473 1128 493 1164 t
520 1110 709 1171 Gaude
726 1121 782 1167 et
802 1112 1009 1180 latore,
1040 1110 1149 1171 ﬁlia
1172 1110 1363 1177 iidem,
1391 1128 1517 1185 quae
1535 1110 1746 1168 habitas
1773 1110 1828 1164 in

257 1208 401 1259 terra
426 1201 566 1270 liuz,
590 1203 658 1259 ad
690 1210 743 1263 te
763 1218 978 1274 quoque
1002 1204 1249 1275 pervenit
1274 1202 1443 1267 calix,
1474 1199 1829 1259 inebriaheris

257 1299 420 1361 atque
464 1293 775 1348 nudaberis.
798 1290 1141 1366 1(Mauaus.)
1187 1293 1355 1348 Edom
1404 1291 1547 1351 idem
1592 1291 1696 1349 fuit
1734 1290 1828 1361 qui

256 1380 399 1441 Esau
434 1382 604 1443 frater
632 1382 822 1451 Jacob,
847 1399 878 1447 a
900 1400 1007 1456 quo
1052 1382 1270 1441 Idumaei
1308 1385 1495 1443 hostes
1524 1381 1687 1442 iam!
1719 1379 1829 1435 orti

259 1482 404 1531 sunt.
433 1474 548 1533 lin:
574 1489 705 1545 ergo
741 1474 882 1533 tilias
915 1474 1015 1531 fuit
1040 1474 1204 1531 Aram
1228 1471 1464 1547 [Chorae]
1490 1470 1830 1531 Tracoutldis

257 1574 315 1621 at
333 1566 580 1625 Damasci
599 1567 845 1629 conditor
862 1567 1003 1625 inter
1025 1565 1363 1627 Palaestinam
1390 1573 1449 1620 et
1479 1562 1685 1633 Coelen)V
1696 1562 1829 1621 riam

260 1663 450 1715 lenem
480 1659 859 1729 principatum,
893 1675 926 1715 a
966 1674 1074 1730 quo
1120 1657 1467 1731 Septuaginta
1510 1657 1833 1724 interpretes

260 1748 316 1811 in
341 1749 481 1811 libro
502 1748 604 1807 Job
626 1750 719 1808 ubi
749 1753 804 1809 in
831 1750 1061 1811 Hebraeo
1080 1751 1337 1827 scribitur
1370 1757 1570 1805 terram
1601 1745 1716 1803 Huz
1746 1760 1833 1802 re-

261 1842 472 1911 gionem
514 1843 815 1906 Ausitidetu
839 1886 856 1911 ,
900 1845 1053 1915 quasi
1114 1844 1372 1901 Usitidem
1422 1841 1830 1899 transtulerunt.

1918 746 2099 811 potest
2125 737 2338 809 aiustis
2372 739 2563 809 arripi,
2592 740 2838 809 quamvis
2878 749 3070 798 cuncta
3099 744 3360 815 eis'hujus
3393 761 3492 801 sae-

1922 827 2028 885 culi
2082 828 2377 899 probentur
2415 828 2638 884 auferri.
2685 830 2776 886 Sie
2819 831 2945 886 dum
2988 842 3363 903 persecutores
3403 853 3495 892 ca-

1923 919 2173 976 tholicam
2217 922 2531 994 religionem
2559 925 2846 981 exhaurire
2886 928 3128 998 cupiunt,
3156 928 3495 987 felicissimas

1923 1020 2088 1083 atque
2110 1014 2354 1084 copiosas
2372 1028 2600 1073 coronas
2620 1018 2946 1090 martyribus
2974 1020 3333 1089 contulerunt,
3355 1025 3497 1093 quod

1925 1107 2175 1175 sequenti
2194 1108 2459 1164 sententia
2488 1108 2698 1164 videtur
2719 1108 3005 1180 designari.

2001 1195 2171 1253 Tuan.
2199 1216 2218 1252 ι
2245 1197 2520 1269 Completa
2544 1207 2630 1255 est
2651 1199 2906 1269 iniquitas
2929 1208 3043 1267 tua,
3078 1202 3187 1258 ﬂia
3216 1202 3365 1272 Sion,
3390 1222 3495 1261 non
3582 1230 3587 1237 -

1935 1304 1956 1341 ι
1996 1286 2145 1344 addit
2169 1288 2332 1355 ultra,
2355 1298 2417 1344 ut
2440 1290 2791 1361 transmith
2829 1301 2901 1347 te.
2948 1290 3199 1348 Visitabit
3240 1294 3498 1365 iniquita-

1936 1394 1956 1429 ι
1997 1385 2109 1433 tem
2133 1387 2299 1446 tuam,
2328 1381 2438 1435 filia
2485 1381 2675 1448 Edom,
2702 1382 3060 1453 discooperiet
3086 1394 3304 1453 peccata
3333 1397 3445 1441 tua.
3476 1409 3496 1442 ι

1930 1471 2220 1547 (Manum)
2246 1472 2525 1545 Completa
2566 1489 2697 1548 ergo
2742 1477 3135 1546 persecutione,
3168 1493 3271 1547 qua
3320 1478 3504 1536 hostes

1928 1562 1989 1620 in
2016 1565 2120 1623 hoc
2143 1566 2340 1621 saeculo
2380 1568 2765 1637 permittuntur
2785 1569 3037 1640 persequi
3063 1570 3264 1625 electos
3290 1569 3405 1636 Dei,
3439 1573 3505 1627 ad

1930 1655 2305 1725 probationem
2342 1657 2554 1713 scilicet
2596 1670 2805 1723 eorum,
2837 1673 2944 1713 non
2969 1659 3037 1713 ad
3064 1657 3464 1714 damnationem
3490 1678 3502 1713 :

1926 1744 2042 1815 iam
2064 1747 2204 1805 ultra
2228 1763 2336 1806 non
2358 1751 2574 1817 addent,
2596 1759 2657 1805 ut
2673 1751 3057 1822 transmigrent
3082 1767 3181 1824 per
3201 1766 3313 1818 eos,
3332 1770 3352 1802 ‹
3378 1766 3499 1822 quo-

1933 1842 2079 1901 niam
2126 1842 2379 1899 abstersit
2422 1845 2564 1900 Dens
2607 1857 2825 1899 omnem
2870 1843 3165 1916 laerymam
3227 1845 3296 1900 ab
3328 1840 3511 1901 oculis

262 1935 413 2002 Quod
442 1942 620 1995 autem
649 1933 780 1995 dicit
814 1936 978 1993 ﬁliam
1013 1935 1183 1992 Edoni
1208 1933 1444 2005 gaudere
1475 1941 1530 1988 et
1555 1933 1741 1988 laetare
1765 1946 1833 1986 eo
1936 1940 2246 1989 sanctorum
2275 1944 2514 1999 meum,
2545 1939 2603 1989 et
2646 1948 2819 2005 neque
2845 1933 3042 2001 luctus,
3074 1949 3247 2005 neque
3287 1936 3509 2002 clamor,

262 2026 403 2095 quod
428 2027 737 2097 pervenerit
777 2027 847 2085 ad
883 2040 1005 2081 eam
1037 2025 1179 2082 calix
1207 2025 1453 2090 Domini,
1483 2039 1580 2094 per
1604 2022 1835 2079 ironiam
1863 2006 1912 2068 Β
1940 2038 2115 2093 neque
2156 2023 2308 2078 dolor
2355 2024 2460 2079 erit
2506 2024 2664 2091 ultra,
2714 2040 2834 2096 quae
2876 2026 3050 2096 prima
3100 2025 3369 2095 abierunt,
3418 2029 3512 2084 sed

263 2117 549 2188 legendum
572 2125 677 2183 est,
697 2125 756 2172 ut
774 2127 860 2174 est
877 2117 1007 2172 illud
1032 2118 1085 2173 in
1106 2117 1344 2188 Epistula
1364 2114 1549 2173 Jacobi
1573 2114 1830 2186 apostoli:

269 2227 288 2261 ι
327 2207 598 2265 Glorietur
623 2218 801 2265 autem
830 2207 998 2265 frater
1031 2208 1251 2265 humilis
1278 2208 1332 2262 in
1360 2206 1688 2261 exaltatione
1714 2221 1837 2269 sua,

263 2297 417 2354 dives
432 2307 623 2356 autem
647 2298 705 2357 in
732 2299 1034 2356 humilitate
1061 2314 1161 2354 sua
1187 2297 1330 2371 (Jac.
1363 2297 1426 2371 l).
1453 2316 1471 2349 ι
1506 2296 1839 2353 Subauditur

263 2392 605 2461 asuperiore
632 2402 793 2450 versu
833 2391 1117 2462 glorietur.
1139 2390 1235 2461 qui
1277 2399 1455 2445 nmen
1484 2404 1593 2445 non
1621 2391 1689 2445 ad
1719 2390 1837 2462 glo—

264 2482 425 2550 riam,
453 2486 551 2541 sed
598 2486 667 2541 ad
712 2483 1139 2544 humiliationem
1177 2481 1329 2552 eius,
1358 2490 1417 2539 et
1438 2484 1837 2540 damnationem

263 2575 519 2644 pertinet.
552 2575 711 2635 Venit
746 2588 877 2648 ergo
906 2575 1045 2631 calix
1073 2575 1305 2641 Domini,
1341 2576 1446 2630 hoc
1467 2583 1553 2630 est
1580 2576 1837 2642 vindicta,

264 2668 335 2724 ad
354 2668 635 2736 ωιιωωα,
657 2671 873 2742 quando
893 2668 1388 2726 Nabuchodonosor
1403 2676 1614 2724 vastata
1631 2667 1837 2734 Iudaea,

265 2770 596 2831 cunasque
614 2771 803 2833 gentes
825 2762 988 2818 simili
1016 2764 1175 2819 modo
1201 2762 1522 2828 devastavit,
1539 2771 1597 2817 et
1622 2762 1841 2833 dignum

266 2849 372 2906 fuit
391 2852 536 2922 quod
562 2853 744 2910 hostes
780 2853 962 2924 populi
987 2853 1114 2920 Dei,
1141 2853 1235 2923 qui
1268 2854 1323 2909 in
1350 2853 1467 2923 eius
1490 2852 1843 2915 stmversione

269 2942 441 3012 gavisi
467 2952 613 3010 sunt,
640 2945 741 3015 ipsi
767 2960 982 3016 quoque
1006 2946 1259 3007 meritam
1279 2959 1381 3015 pro
1405 2960 1473 3000 eo
1502 2945 1571 3000 ab
1596 2944 1844 3000 hostibus

270 3036 576 3105 reciperent
601 3036 915 3093 vindictam.
946 3036 1171 3109 lystice
1213 3044 1394 3091 autem
1424 3035 1480 3090 in
1510 3035 1620 3090 tilia
1648 3035 1838 3102 Edoni,

268 3128 362 3199 qni
380 3130 704 3202 sanguineus
728 3132 815 3187 vel
847 3141 1095 3189 terrenus
1137 3131 1539 3201 interpretatur,
1574 3145 1841 3202 synagoga

268 3215 597 3287 Iudaeorum,
622 3219 709 3276 vel
734 3220 900 3277 etim
927 3219 1250 3292 generaliter
1275 3221 1431 3276 turba
1456 3221 1697 3277 omnium
1723 3235 1845 3290 per.

274 3310 609 3367 demissum
666 3310 918 3369 Eedmia:
956 3312 1296 3383 exprimitur,
1345 3314 1436 3384 qui
1477 3312 1847 3370 acerbissimis

1937 2113 2184 2170 exultent
2195 2112 2329 2181 justi
2348 2114 2405 2168 in
2433 2122 2723 2185 conspectu
2764 2115 2881 2182 Dei,
2905 2125 2959 2171 et
2986 2115 3319 2181 delectentur
3340 2120 3397 2173 in
3422 2119 3514 2174 la:-

1940 2202 2056 2259 htia
2099 2203 2287 2276 (Apoc.
2332 2201 2472 2275 xu),
2502 2224 2523 2258 ι
2555 2204 2705 2275 impii
2754 2215 2932 2262 autem
2957 2214 3012 2262 et
3035 2216 3349 2277 peccatores
3390 2225 3515 2265 cum

1940 2295 2153 2353 diabolo
2177 2298 2463 2352 mittuntur
2481 2297 2538 2352 in
2564 2306 2809 2370 stagnum
2841 2299 2979 2371 ignis
3030 2307 3085 2355 et
3107 2300 3401 2371 sulphuris,
3426 2303 3516 2357 ubi

1941 2397 2026 2445 est
2070 2390 2243 2445 bestia
2290 2397 2346 2444 et
2376 2374 2873 2460 pseudoprophetae,
2904 2398 2958 2446 et
3000 2389 3388 2447 cruciabuntur
3432 2392 3518 2447 die

1944 2495 2011 2536 ac
2030 2488 2191 2536 nocte
2218 2481 2273 2535 in
2302 2480 2497 2536 sazcnla
2528 2480 2862 2537 saeculorum.
3296 2474 3305 2479 ’

2014 2572 2145 2627 Post
2185 2571 2624 2628 lamentationem
2652 2588 2803 2645 ergo,
2835 2588 2954 2644 quae
2996 2573 3194 2632 litteris
3237 2572 3520 2639 Hebraicis

1948 2663 2240 2719 secundum
2263 2664 2459 2719 seriem
2488 2665 2799 2719 earumdem
2829 2665 3128 2721 litterarum
3155 2667 3519 2738 quadruplici-

1946 2766 2035 2813 ter
2059 2756 2375 2828 opportunis
2413 2757 2562 2821 locis,
2597 2768 2656 2812 ut
2693 2758 2957 2826 diximus,
2982 2768 3279 2832 praenotata
3312 2770 3413 2826 est,
3440 2776 3525 2817 se-

1946 2850 2131 2920 quitur
2155 2850 2333 2905 oratio
2359 2851 2630 2920 prophetae
2658 2865 2778 2922 qua:
2804 2853 3158 2908 vastationem
3185 2852 3335 2908 urbis
3364 2851 3522 2908 Jeru-

1948 2940 2137 3006 salem,
2169 2949 2227 2997 et
2252 2952 2439 2998 casum
2474 2941 2655 3013 populi
2699 2941 3005 2998 indecorum
3046 2942 3402 2999 historiali‘ter
3429 2944 3526 2999 de-

1948 3034 2159 3106 plorat,
2189 3044 2243 3091 et
2271 3035 2624 3107 spirituaiiter
2672 3036 2883 3091 ruinam
2922 3038 3223 3092 animarum
3264 3038 3527 3103 ﬁdelium,

1948 3133 2008 3181 et
2035 3126 2345 3182 vastitatem
2369 3142 2531 3199 quam
2566 3142 2742 3198 passa:
2766 3136 2895 3183 sunt
2917 3143 2947 3182 a
2977 3129 3235 3198 nequitiis
3276 3128 3530 3199 spiritali-

1950 3216 2053 3273 bus
2078 3218 2327 3276 ﬂebiliter
2354 3228 2774 3277 commemorat:
2797 3220 2865 3277 ad
2885 3230 3188 3278 extremum
3208 3238 3337 3278 vero
3364 3223 3531 3294 ipsius

1950 3308 2168 3366 Domini
2211 3326 2371 3382 opem
2414 3319 2469 3367 et
2514 3312 2945 3369 misericordiam
2989 3314 3275 3370 subvenire
3318 3311 3533 3368 amictis

272 3403 739 3469 persecutionihus
758 3404 994 3460 ﬁdelium
1020 3380 1235 3461 turbam
1262 3405 1316 3462 in
1349 3380 1463 3463 toto
1489 3406 1623 3467 orbe
1648 3407 1851 3462 consti—
1877 3380 1925 3447 ο
1954 3403 2233 3460 humiliter
2248 3380 2598 3477 deprecatur.

276 3501 449 3548 tutam
488 3493 855 3563 insectantur,
884 3496 1080 3567 quibus
1121 3508 1304 3553 tamen
1341 3500 1493 3554 certa
1521 3500 1575 3553 in
1602 3498 1850 3570 gehenna

276 3582 419 3655 ignis
438 3584 626 3639 aeterni
652 3586 955 3645 remanebit
976 3588 1230 3644 vindicta.
1258 3588 1334 3642 De
1358 3589 1463 3644 liae
1488 3588 1659 3643 etiam
1681 3588 1852 3643 Edoni

276 3672 413 3737 filia,
442 3672 611 3730 David
654 3676 912 3745 propheta
937 3676 996 3731 in
1022 3677 1248 3746 psalmis
1280 3675 1461 3751 (Paul.
1484 3677 1709 3749 ιιχινι)
1740 3691 1854 3733 me-

276 3762 467 3829 minit,
494 3763 680 3821 dicens
703 3780 718 3820 :
747 3782 767 3816 ι
799 3763 1088 3833 Nemeum,
1116 3767 1340 3822 Domine
1358 3808 1374 3834 ,
1401 3767 1632 3824 filiorum
1658 3769 1850 3837 Edam,

278 3857 334 3912 in
376 3856 465 3912 die
510 3854 835 3922 Jerusalem.
853 3858 949 3929 qui
987 3858 1201 3924 dicunt,
1234 3859 1538 3926 Exinanite,
1579 3862 1856 3917 exinanito

277 3960 451 4017 usque
494 3946 562 4003 ad
611 3946 1016 4005 fundamentum
1067 3949 1123 4004 in
1173 3964 1259 4005 ea.
1296 3948 1585 4023 (Cassiod.)
1620 3951 1855 4021 Populus

278 4057 411 4112 ergo
434 4040 780 4097 Hebraeorum
810 4043 899 4097 hic
923 4041 1213 4099 conversus
1253 4043 1322 4099 ad
1352 4045 1632 4100 Dominum
1659 4046 1853 4115 depre-

278 4143 455 4197 catur,
490 4149 557 4189 ne
604 4134 803 4191 multos
844 4134 1124 4193 discedere
1148 4137 1407 4209 patiatur,
1435 4139 1529 4208 qni
1556 4139 1853 4194 Ecclesium

180 4264 193 4273 ο
280 4226 377 4283 Dei
428 4226 721 4281 saevissima
772 4228 1141 4299 increpatione
1177 4231 1499 4286 dilacerant.
1548 4232 1747 4298 Edoni,
1792 4240 1854 4288 ut

280 4319 533 4385 diximus,
562 4319 650 4372 alii
678 4320 1047 4391 sanguineum,
1080 4321 1168 4376 alii
1194 4331 1464 4379 terrenum
1496 4326 1855 4396 interpretan-

280 4409 406 4467 dum
434 4425 556 4465 esse
576 4418 923 4480 puaverunt,
949 4414 1091 4481 quod
1120 4422 1304 4467 tamen
1332 4423 1621 4486 utrumque
1645 4419 1711 4473 ad
1738 4428 1857 4473 car-

280 4499 424 4554 nalia
460 4500 591 4554 vitia
625 4499 815 4556 referri
858 4518 1015 4571 posse
1061 4516 1168 4558 non
1209 4505 1431 4561 dubium
1467 4518 1570 4564 est.
1612 4509 1704 4564 isti
1733 4518 1857 4566 sunt

2426 3494 2683 3552 ORATIO
2716 3490 3055 3552 imm.

2031 3608 2052 3643 ι
2081 3590 2409 3656 Recordare,
2453 3588 2715 3656 Domine,
2762 3590 2890 3661 quid
2939 3588 3197 3646 acciderit
3246 3590 3421 3656 nobis,
3454 3588 3535 3644 in.

1958 3700 1981 3734 ε
2024 3690 2178 3737 tuere
2208 3689 2263 3736 et
2290 3679 2496 3752 respice
2518 3679 2871 3750 opprobrium
2897 3688 3162 3737 nostrum.
3194 3700 3213 3732 ι
3241 3680 3534 3753 (Maurus)

1954 3772 2096 3832 Usus
2120 3784 2205 3830 est
2232 3775 2613 3845 prophetarum
2640 3773 2955 3845 frequenter
2992 3787 3095 3845 per
3122 3774 3386 3830 humanas
3408 3790 3536 3829 con-

1957 3787 2096 3832 usus
2120 3787 2205 3830 est
2232 3787 2613 3845 prophetarum
2640 3787 2955 3845 frequenter
3066 3788 3095 3829 r
3122 3787 3386 3830 humanas
3408 3790 3531 3829 con-

1953 3869 2268 3926 suetudines
2296 3868 2578 3924 Dominum
2606 3867 2928 3938 supplicare.
2954 3885 2972 3920 ί
2992 3787 3311 3923 recordare
3330 3887 3349 3920 ι
3368 3869 3531 3935 θιιὶιιι,

1953 3962 2037 4016 vel
2064 3970 2333 4017 memento
2359 3956 2432 4017 illi
2463 3962 2679 4027 dicitur,
2706 3962 2797 4033 qui
2828 3960 3025 4016 nullius
3049 3961 3338 4031 aliquando
3364 3960 3537 4031 potuit

1954 4051 2215 4109 oblivisci.
2238 4051 2351 4108 Non
2379 4052 2598 4107 enimut
2626 4051 2691 4106 ad
2721 4052 3036 4106 memoriam
3065 4053 3246 4106 redeat
3272 4050 3536 4107 Divinitas

1955 4154 2362 4211 eommonetur,
2389 4159 2571 4199 coram
2603 4159 2709 4214 qua
2737 4158 2896 4199 omne
2929 4143 3259 4213 praeteritum
3290 4152 3346 4198 et
3389 4141 3537 4197 futu-

1956 4251 2076 4291 rum
2103 4251 2314 4307 semper
2350 4251 2587 4307 praesens
2612 4245 2713 4292 est.
2767 4235 2883 4291 Non
2929 4244 3011 4293 est
3048 4237 3190 4291 enim
3234 4237 3453 4309 dignum
3483 4237 3536 4291 in

1955 4327 2042 4383 illa
2074 4326 2351 4397 majestate
2380 4343 2580 4398 ponere
2619 4327 2903 4384 oblivionis
2940 4327 3214 4401 injuriam.
3263 4327 3368 4384 Sed
3415 4328 3535 4385 ideo

1956 4420 2231 4475 recordari
2260 4420 2341 4475 vel
2371 4421 2678 4476 meminisse
2698 4421 3021 4492 postulatur,
3050 4430 3111 4476 ut
3141 4422 3249 4477 cito
3277 4422 3536 4478 auxilium

1957 4511 2321 4583 indigentibus
2366 4512 2629 4577 conferat,
2656 4520 2709 4566 et
2748 4512 2924 4581 palam
2973 4513 3155 4579 faciat,
3188 4512 3329 4583 quod
3376 4522 3533 4571 antea

280 4604 410 4657 ergo
438 4588 535 4642 ﬁlii
562 4589 728 4645 Edono
748 4630 763 4654 ,
788 4592 881 4659 qui
905 4591 1272 4649 Christianum
1300 4598 1552 4668 populum
1582 4608 1709 4654 sunt
1736 4615 1858 4670 gra-
1958 4602 2061 4659 fuit
2087 4604 2374 4659 occultum.
2406 4604 2515 4659 Has
2538 4604 2684 4657 enim
2707 4604 3030 4675 tropologias
3052 4605 3362 4675 frequenter
3392 4602 3541 4659 Scri-

278 4678 499 4766 vissime
528 4680 828 4748 persecuti,
854 4696 955 4736 nec
993 4684 1170 4755 aliqua
1204 4688 1573 4745 satisfactione
1606 4694 1854 4747 conversi
1880 4752 1930 4766 ﬁ
1959 4696 2133 4766 ptans
2155 4696 2208 4749 in
2240 4694 2437 4750 divinis
2461 4694 2901 4760 invenies,utest
2919 4694 3046 4749 illud
3065 4694 3329 4749 inGcnesi
3356 4714 3367 4749 :
3390 4716 3407 4746 ι
3436 4695 3540 4751 lle-

281 4777 424 4823 sunt.
468 4761 619 4835 Quod
665 4779 845 4827 autem
879 4771 933 4826 in
981 4752 1097 4828 illa—
1123 4782 1550 4846 sequestratione
1588 4784 1854 4839 bonorum
1880 4752 1936 4815 D
1960 4752 2229 4843 cordabor
2272 4786 2490 4841 foederis
2536 4785 2641 4841 mei
2690 4752 2852 4857 ('Gen.
2885 4787 2993 4858 nr).
3017 4806 3035 4836 ›
3072 4784 3168 4841 Vel
3219 4786 3268 4839 in
3310 4786 3535 4841 Exodo:

282 4862 600 4931 deprecatur
635 4864 691 4919 in
728 4866 1044 4921 memoriam
1074 4870 1279 4938 redire,
1312 4882 1368 4927 ut
1396 4890 1489 4929 eos
1518 4876 1700 4933 debita
1729 4894 1854 4949 pos-
1970 4897 1989 4930 ι
2022 4877 2357 4932 Recordatus
2380 4883 2464 4931 est
2491 4874 2747 4930 Dominus
2771 4876 2913 4945 pacti
2953 4874 3092 4944 quod
3118 4875 3395 4945 pepigerat
3414 4890 3536 4929 eum

283 4962 365 5006 set
411 4968 569 5023 pinna
614 4957 920 5029 suscipere,
955 4959 1058 5015 hoc
1098 4962 1323 5030 dicitur,
1372 4968 1510 5022 sicut
1556 4982 1698 5040 saepe
1745 4987 1858 5027 ωε-
1962 4967 2238 5023 Abraham
2278 4966 2505 5021 etisaac
2546 4974 2600 5020 et
2633 4963 3017 5028 Jacob(E:rod.
3048 4967 3187 5028 γη.»
3236 4962 3363 5019 Sive
3412 4963 3537 5018 illud

284 5056 548 5109 moratam
590 5059 704 5117 est,
754 5053 1047 5123 prophetia:
1081 5055 1311 5128 eﬂ‘ectu,
1353 5078 1462 5118 non
1506 5065 1857 5122 maledicendi
1964 5059 2106 5130 quod
2136 5058 2309 5114 Moses
2335 5057 2401 5112 ad
2441 5056 2727 5113 Dominum
2764 5057 2937 5111 dixit:
2970 5074 2988 5107 ι
3022 5055 3326 5111 Recordare
3367 5054 3540 5109 Abra-

285 5146 440 5228 voto:
474 5141 531 5197 in
573 5142 677 5200 illis
711 5145 857 5199 enim
898 5147 1071 5215 pietas
1096 5159 1278 5205 nostra
1323 5169 1429 5209 non
1458 5158 1735 5225 queritur,
1767 5159 1859 5228 qui
1965 5152 2093 5207 ham
2116 5160 2172 5207 et
2194 5152 2345 5207 lsaac
2388 5159 2448 5207 et
2488 5149 2681 5215 Iacob,
2713 5164 2992 5205 servorum
3046 5157 3259 5203 tuorum
3303 5146 3539 5204 fidelium

283 5224 495 5286 Domitii
520 5234 875 5291 ωωαωε
908 5238 1198 5295 damnandi
1230 5253 1375 5298 sum.
1409 5224 1562 5302 Unde
1591 5256 1645 5302 et
1672 5224 1857 5305 subdi-
1968 5240 2165 5317 (Exod.
2189 5241 2384 5312 xxxn).
2403 5260 2423 5294 ι
2452 5240 2588 5295 Nam
2615 5251 2666 5295 et
2700 5240 2866 5294 David
2911 5241 2965 5294 in
2991 5239 3211 5309 psalmis
3239 5238 3350 5292 ait:
3380 5257 3398 5289 ‹
3431 5237 3541 5293 Me-

288 5324 413 5406 tur:
440 5338 462 5371 ‹
492 5320 592 5389 Qui
638 5324 850 5392 dicunt,
893 5327 1180 5387 Exinanite
1203 5373 1217 5399 ,
1263 5335 1541 5391 exinanito
1585 5353 1754 5406 usque
1793 5340 1860 5395 ad
1967 5341 2150 5388 mento
2184 5331 2331 5387 verbi
2371 5332 2448 5386 tui
2486 5344 2644 5387 servo
2679 5339 2770 5385 tuo
2792 5326 2964 5402 (Prol.
2994 5328 3243 5402 exvm)»
3274 5326 3342 5382 Et
3368 5327 3536 5383 item:

287 5403 692 5497 fundamentum
721 5415 776 5470 in
804 5432 886 5471 ea.
917 5437 937 5472 ι
971 5419 1148 5478 Verba
1177 5432 1301 5479 sunt
1322 5438 1453 5497 ergo
1494 5427 1597 5482 ista
1627 5403 1859 5485 filiorum
1974 5444 1992 5478 ι
2022 5424 2309 5490 Memento,
2338 5424 2593 5488 Domine,
2623 5422 2811 5488 David,
2843 5429 2898 5476 et
2921 5420 3096 5476 omnis
3115 5417 3544 5475 mansuetudinis

289 5496 477 5589 Fidum,
504 5509 938 5574 persequentium
960 5515 1211 5583 populum
1230 5496 1626 5587 Christianum,
1654 5538 1684 5576 a
1714 5524 1863 5579 simi—
1970 5516 2086 5587 ejus
2107 5515 2277 5589 (Psal.
2308 5516 2514 5585 oxxxr).
2537 5535 2556 5569 ι
2582 5547 2651 5555 -
2676 5535 2695 5567 ι
2725 5512 3049 5579 Recordare,
3076 5514 3268 5583 inquit,
3292 5510 3540 5577 Domine,

290 5587 518 5649 liwdine
542 5598 716 5651 tracta
738 5598 1007 5667 (istorum,
1037 5604 1177 5661 unde
1200 5608 1246 5661 si
1275 5616 1414 5678 aqua
1450 5610 1634 5667 sedule
1660 5613 1863 5670 tollitur
1971 5587 2404 5679 quidiacciderit
2442 5607 2598 5662 nobis
2619 5627 2637 5660 ι
2675 5608 2728 5661 in
2773 5605 3041 5661 calumnia
3091 5604 3426 5668 vastationis,
3461 5601 3544 5656 in-

290 5695 461 5774 usque
487 5685 557 5740 ad
586 5687 990 5748 fundamentum
1012 5697 1128 5765 ejus
1177 5697 1292 5753 sine
1333 5700 1496 5756 dubie
1535 5706 1867 5774 pervenitur.
1974 5711 2126 5759 tuere
2168 5711 2224 5757 et
2267 5698 2473 5772 respice
2514 5702 2855 5773 cpprobrium
2904 5708 3171 5765 nostrum,
3214 5699 3355 5767 quod
3399 5692 3546 5766 passi

428 5777 558 5845 Quid
577 5778 686 5836 illis
706 5783 964 5851 proderat
1006 5787 1186 5841 saeculi
1228 5790 1382 5847 istius
1416 5770 1587 5848 lucem
1633 5796 1870 5852 adimere
1974 5798 2162 5851 sumus
2182 5795 2251 5850 ab
2269 5770 2467 5865 bisqui
2493 5770 2763 5851 duxerunt
2792 5809 2892 5850 nos
2918 5794 3073 5865 quasi
3099 5808 3282 5849 servos
3305 5792 3546 5864 captivos

293 5863 519 5962 talibus,
547 5871 763 5940 quando
791 5874 964 5947 magis
994 5877 1048 5931 in
1079 5878 1194 5948 ipso
1220 5877 1569 5939 fundamento
1612 5892 1874 5942 aeternam
1975 5890 2029 5945 in
2060 5897 2258 5945 terram
2287 5863 2535 5955 alienam,
2564 5897 2617 5943 et
2639 5887 2793 5943 abusi
2819 5863 2953 5943 sunt
2967 5886 3141 5942 nostri
3172 5886 3239 5941 ad
3269 5885 3548 5942 servitium

295 5959 461 6013 vitam
509 5961 785 6032 possidere
832 5965 1149 6024 videbantur
1192 5972 1394 6028 occisi?
1436 5972 1868 6035 Fundamentum
1975 5996 2150 6037 suum.
