  <div class='ocr_page' id='page_1' title='image "/cluster/home/n/w/nwhite01/storage/ocr_20150623/111/hvd.32044009716333/641.png"; bbox 0 0 4056 6336; ppageno 0'>
   <div class='ocr_carea' id='block_1_1' title="bbox 463 385 2119 463">
    <p class='ocr_par' dir='ltr' id='par_1_1' title="bbox 463 385 2119 463">
     <span class='ocr_line' id='line_1_1' title="bbox 463 385 2119 463; baseline -0.004 -16"><span class='ocrx_word' id='word_1_1' title='bbox 463 391 688 463; x_wconf 92' lang='lat' dir='ltr'><strong>pientia.</strong></span> <span class='ocrx_word' id='word_1_2' title='bbox 720 408 739 443; x_wconf 75' lang='grc' dir='ltr'><strong><em>ι</em></strong></span> <span class='ocrx_word' id='word_1_3' title='bbox 768 388 903 444; x_wconf 90' lang='lat' dir='ltr'><strong>Nam</strong></span> <span class='ocrx_word' id='word_1_4' title='bbox 927 387 1088 443; x_wconf 89' lang='lat' dir='ltr'><strong>aliam</strong></span> <span class='ocrx_word' id='word_1_5' title='bbox 1108 389 1284 444; x_wconf 88' lang='lat' dir='ltr'><strong>adhuc</strong></span> <span class='ocrx_word' id='word_1_6' title='bbox 1310 385 1681 458; x_wconf 75' lang='lat' dir='ltr'><strong>subiungendo</strong></span> <span class='ocrx_word' id='word_1_7' title='bbox 1698 387 1886 458; x_wconf 81' lang='lat' dir='ltr'><strong>pandit</strong></span> <span class='ocrx_word' id='word_1_8' title='bbox 1907 401 2040 442; x_wconf 83' lang='lat' dir='ltr'><strong>moc-</strong></span> <span class='ocrx_word' id='word_1_9' title='bbox 2069 387 2119 448; x_wconf 80' lang='grc' dir='ltr'>Α</span> 
     </span>
    </p>
   </div>
   <div class='ocr_carea' id='block_1_2' title="bbox 471 481 897 535">
    <p class='ocr_par' dir='ltr' id='par_1_2' title="bbox 471 481 897 535">
     <span class='ocr_line' id='line_1_2' title="bbox 471 481 897 535; baseline -0.005 -1"><span class='ocrx_word' id='word_1_10' title='bbox 471 481 612 535; x_wconf 84' lang='lat' dir='ltr'><strong>roris</strong></span> <span class='ocrx_word' id='word_1_11' title='bbox 638 493 858 535; x_wconf 83' lang='lat' dir='ltr'><strong>causam</strong></span> <span class='ocrx_word' id='word_1_12' title='bbox 884 495 897 532; x_wconf 92' lang='lat'><strong>:</strong></span> 
     </span>
    </p>
   </div>
   <div class='ocr_carea' id='block_1_3' title="bbox 543 559 2041 644">
    <p class='ocr_par' dir='ltr' id='par_1_3' title="bbox 543 559 2041 644">
     <span class='ocr_line' id='line_1_3' title="bbox 543 559 2041 644; baseline -0.001 -20"><span class='ocrx_word' id='word_1_13' title='bbox 543 593 560 624; x_wconf 86' lang='grc'><strong>‹</strong></span> <span class='ocrx_word' id='word_1_14' title='bbox 599 571 825 644; x_wconf 78' lang='lat' dir='ltr'><strong>Propter</strong></span> <span class='ocrx_word' id='word_1_15' title='bbox 876 575 1111 626; x_wconf 80' lang='lat' dir='ltr'><strong>montem</strong></span> <span class='ocrx_word' id='word_1_16' title='bbox 1163 567 1319 637; x_wconf 86' lang='lat' dir='ltr'><strong>Sion,</strong></span> <span class='ocrx_word' id='word_1_17' title='bbox 1373 569 1500 640; x_wconf 90' lang='lat' dir='ltr'><strong>quia</strong></span> <span class='ocrx_word' id='word_1_18' title='bbox 1528 559 1798 640; x_wconf 85' lang='lat' dir='ltr'><strong>disperiit,</strong></span> <span class='ocrx_word' id='word_1_19' title='bbox 1854 566 2041 638; x_wconf 90' lang='lat' dir='ltr'><strong>vulpes</strong></span> 
     </span>
    </p>
   </div>
   <div class='ocr_carea' id='block_1_4' title="bbox 474 653 2042 728">
    <p class='ocr_par' dir='ltr' id='par_1_4' title="bbox 474 653 2042 728">
     <span class='ocr_line' id='line_1_4' title="bbox 474 653 2042 728; baseline -0.001 -16"><span class='ocrx_word' id='word_1_20' title='bbox 474 678 492 712; x_wconf 72' lang='grc' dir='ltr'><strong><em>α</em></strong></span> <span class='ocrx_word' id='word_1_21' title='bbox 527 659 936 715; x_wconf 88' lang='lat' dir='ltr'><strong>ambulaverunt</strong></span> <span class='ocrx_word' id='word_1_22' title='bbox 957 659 1013 714; x_wconf 92' lang='lat' dir='ltr'><strong>in</strong></span> <span class='ocrx_word' id='word_1_23' title='bbox 1049 673 1135 713; x_wconf 91' lang='lat' dir='ltr'><strong>eo.</strong></span> <span class='ocrx_word' id='word_1_24' title='bbox 1176 679 1194 710; x_wconf 73' lang='grc' dir='ltr'><strong><em>ι</em></strong></span> <span class='ocrx_word' id='word_1_25' title='bbox 1225 653 1385 712; x_wconf 81' lang='lat' dir='ltr'><strong>Juxta</strong></span> <span class='ocrx_word' id='word_1_26' title='bbox 1419 653 1702 713; x_wconf 79' lang='lat' dir='ltr'><strong>historiam</strong></span> <span class='ocrx_word' id='word_1_27' title='bbox 1729 672 1858 728; x_wconf 87' lang='lat' dir='ltr'><strong>ergo</strong></span> <span class='ocrx_word' id='word_1_28' title='bbox 1882 657 2042 728; x_wconf 86' lang='lat' dir='ltr'><strong>digna</strong></span> 
     </span>
    </p>
   </div>
   <div class='ocr_carea' id='block_1_5' title="bbox 467 747 2043 820">
    <p class='ocr_par' dir='ltr' id='par_1_5' title="bbox 467 747 2043 820">
     <span class='ocr_line' id='line_1_5' title="bbox 467 747 2043 820; baseline -0.003 -14"><span class='ocrx_word' id='word_1_29' title='bbox 467 751 567 808; x_wconf 77' lang='lat' dir='ltr'><strong>fuit</strong></span> <span class='ocrx_word' id='word_1_30' title='bbox 601 751 799 808; x_wconf 88' lang='lat' dir='ltr'><strong>doloris</strong></span> <span class='ocrx_word' id='word_1_31' title='bbox 845 749 1122 816; x_wconf 66' lang='lat' dir='ltr'><strong>maestitia,</strong></span> <span class='ocrx_word' id='word_1_32' title='bbox 1154 749 1296 820; x_wconf 87' lang='lat' dir='ltr'><strong>quod</strong></span> <span class='ocrx_word' id='word_1_33' title='bbox 1323 749 1376 805; x_wconf 93' lang='lat' dir='ltr'><strong>in</strong></span> <span class='ocrx_word' id='word_1_34' title='bbox 1406 747 1524 804; x_wconf 93' lang='lat' dir='ltr'><strong>loco</strong></span> <span class='ocrx_word' id='word_1_35' title='bbox 1554 747 1644 803; x_wconf 89' lang='lat' dir='ltr'><strong>ubi</strong></span> <span class='ocrx_word' id='word_1_36' title='bbox 1677 749 2043 803; x_wconf 88' lang='lat' dir='ltr'><strong>sanctuarium</strong></span> 
     </span>
    </p>
   </div>
   <div class='ocr_carea' id='block_1_6' title="bbox 465 839 2043 906">
    <p class='ocr_par' dir='ltr' id='par_1_6' title="bbox 465 839 2043 906">
     <span class='ocr_line' id='line_1_6' title="bbox 465 839 2043 906; baseline -0.003 -6"><span class='ocrx_word' id='word_1_37' title='bbox 465 845 816 901; x_wconf 87' lang='lat' dir='ltr'><strong>constitutum</strong></span> <span class='ocrx_word' id='word_1_38' title='bbox 854 849 992 906; x_wconf 86' lang='lat' dir='ltr'><strong>erat,</strong></span> <span class='ocrx_word' id='word_1_39' title='bbox 1023 847 1078 896; x_wconf 90' lang='lat' dir='ltr'><strong>et</strong></span> <span class='ocrx_word' id='word_1_40' title='bbox 1121 841 1330 897; x_wconf 88' lang='lat' dir='ltr'><strong>cultura</strong></span> <span class='ocrx_word' id='word_1_41' title='bbox 1378 839 1474 895; x_wconf 87' lang='lat' dir='ltr'><strong>Dei</strong></span> <span class='ocrx_word' id='word_1_42' title='bbox 1521 840 1899 906; x_wconf 87' lang='lat' dir='ltr'><strong>celeberrima,</strong></span> <span class='ocrx_word' id='word_1_43' title='bbox 1950 839 2043 895; x_wconf 88' lang='lat' dir='ltr'><strong>be-</strong></span> 
     </span>
    </p>
   </div>
   <div class='ocr_carea' id='block_1_7' title="bbox 467 929 2042 1003">
    <p class='ocr_par' dir='ltr' id='par_1_7' title="bbox 467 929 2042 1003">
     <span class='ocr_line' id='line_1_7' title="bbox 467 929 2042 1003; baseline -0.004 -11"><span class='ocrx_word' id='word_1_44' title='bbox 467 933 793 992; x_wconf 78' lang='lat' dir='ltr'><strong>stiarum&#39;lbi</strong></span> <span class='ocrx_word' id='word_1_45' title='bbox 847 929 1063 988; x_wconf 82' lang='lat' dir='ltr'><strong>fuerunt</strong></span> <span class='ocrx_word' id='word_1_46' title='bbox 1097 931 1338 988; x_wconf 84' lang='lat' dir='ltr'><strong>latibula.</strong></span> <span class='ocrx_word' id='word_1_47' title='bbox 1389 931 1695 987; x_wconf 90' lang='lat' dir='ltr'><strong>Secundum</strong></span> <span class='ocrx_word' id='word_1_48' title='bbox 1727 931 2042 1003; x_wconf 81' lang='lat' dir='ltr'><strong>allegoriam</strong></span> 
     </span>
    </p>
   </div>
   <div class='ocr_carea' id='block_1_8' title="bbox 467 1021 2044 1098">
    <p class='ocr_par' dir='ltr' id='par_1_8' title="bbox 467 1021 2044 1098">
     <span class='ocr_line' id='line_1_8' title="bbox 467 1021 2044 1098; baseline -0.002 -16"><span class='ocrx_word' id='word_1_49' title='bbox 467 1035 645 1082; x_wconf 88' lang='lat' dir='ltr'><strong>autem</strong></span> <span class='ocrx_word' id='word_1_50' title='bbox 691 1041 798 1081; x_wconf 91' lang='lat' dir='ltr'><strong>non</strong></span> <span class='ocrx_word' id='word_1_51' title='bbox 841 1025 1038 1090; x_wconf 88' lang='lat' dir='ltr'><strong>minus,</strong></span> <span class='ocrx_word' id='word_1_52' title='bbox 1077 1021 1186 1080; x_wconf 85' lang='lat' dir='ltr'><strong>imo</strong></span> <span class='ocrx_word' id='word_1_53' title='bbox 1224 1026 1396 1098; x_wconf 84' lang='lat' dir='ltr'><strong>magis</strong></span> <span class='ocrx_word' id='word_1_54' title='bbox 1440 1021 1728 1080; x_wconf 85' lang='lat' dir='ltr'><strong>dolendum</strong></span> <span class='ocrx_word' id='word_1_55' title='bbox 1754 1034 1856 1093; x_wconf 90' lang='lat' dir='ltr'><strong>est,</strong></span> <span class='ocrx_word' id='word_1_56' title='bbox 1899 1023 2044 1096; x_wconf 90' lang='lat' dir='ltr'><strong>quod</strong></span> 
     </span>
    </p>
   </div>
   <div class='ocr_carea' id='block_1_9' title="bbox 469 1114 2041 1188">
    <p class='ocr_par' dir='ltr' id='par_1_9' title="bbox 469 1114 2041 1188">
     <span class='ocr_line' id='line_1_9' title="bbox 469 1114 2041 1188; baseline 0 -16"><span class='ocrx_word' id='word_1_57' title='bbox 469 1119 524 1172; x_wconf 91' lang='lat' dir='ltr'><strong>in</strong></span> <span class='ocrx_word' id='word_1_58' title='bbox 562 1118 741 1171; x_wconf 90' lang='lat' dir='ltr'><strong>anima</strong></span> <span class='ocrx_word' id='word_1_59' title='bbox 770 1114 1096 1180; x_wconf 86' lang='lat' dir='ltr'><strong>Christiana,</strong></span> <span class='ocrx_word' id='word_1_60' title='bbox 1137 1117 1229 1170; x_wconf 89' lang='lat' dir='ltr'><strong>ubi</strong></span> <span class='ocrx_word' id='word_1_61' title='bbox 1275 1116 1654 1188; x_wconf 88' lang='lat' dir='ltr'><strong>contemplatio</strong></span> <span class='ocrx_word' id='word_1_62' title='bbox 1695 1115 1797 1172; x_wconf 83' lang='lat' dir='ltr'><strong>fuit</strong></span> <span class='ocrx_word' id='word_1_63' title='bbox 1843 1117 2041 1186; x_wconf 90' lang='lat' dir='ltr'><strong>divina,</strong></span> 
     </span>
    </p>
   </div>
   <div class='ocr_carea' id='block_1_10' title="bbox 467 1207 2046 1281">
    <p class='ocr_par' dir='ltr' id='par_1_10' title="bbox 467 1207 2046 1281">
     <span class='ocr_line' id='line_1_10' title="bbox 467 1207 2046 1281; baseline 0.001 -17"><span class='ocrx_word' id='word_1_64' title='bbox 467 1210 670 1265; x_wconf 84' lang='lat' dir='ltr'><strong>erroris</strong></span> <span class='ocrx_word' id='word_1_65' title='bbox 720 1215 908 1281; x_wconf 85' lang='lat' dir='ltr'><strong>regnet</strong></span> <span class='ocrx_word' id='word_1_66' title='bbox 952 1207 1278 1279; x_wconf 88' lang='lat' dir='ltr'><strong>insipientia.</strong></span> <span class='ocrx_word' id='word_1_67' title='bbox 1317 1207 1520 1278; x_wconf 75' lang='lat' dir='ltr'><strong>Vulpes</strong></span> <span class='ocrx_word' id='word_1_68' title='bbox 1568 1209 1712 1264; x_wconf 90' lang='lat' dir='ltr'><strong>enim</strong></span> <span class='ocrx_word' id='word_1_69' title='bbox 1754 1226 1862 1265; x_wconf 92' lang='lat' dir='ltr'><strong>non</strong></span> <span class='ocrx_word' id='word_1_70' title='bbox 1911 1210 2046 1266; x_wconf 91' lang='lat' dir='ltr'><strong>alios</strong></span> 
     </span>
    </p>
   </div>
   <div class='ocr_carea' id='block_1_11' title="bbox 468 1301 2045 1375">
    <p class='ocr_par' dir='ltr' id='par_1_11' title="bbox 468 1301 2045 1375">
     <span class='ocr_line' id='line_1_11' title="bbox 468 1301 2045 1375; baseline 0.001 -18"><span class='ocrx_word' id='word_1_71' title='bbox 468 1315 630 1375; x_wconf 90' lang='lat' dir='ltr'><strong>quam</strong></span> <span class='ocrx_word' id='word_1_72' title='bbox 677 1302 958 1357; x_wconf 66' lang='lat' dir='ltr'><strong>haereticos</strong></span> <span class='ocrx_word' id='word_1_73' title='bbox 999 1310 1220 1372; x_wconf 83' lang='lat' dir='ltr'><strong>prOpter</strong></span> <span class='ocrx_word' id='word_1_74' title='bbox 1267 1301 1448 1356; x_wconf 92' lang='lat' dir='ltr'><strong>dolum</strong></span> <span class='ocrx_word' id='word_1_75' title='bbox 1486 1311 1541 1358; x_wconf 84' lang='lat' dir='ltr'><strong>et</strong></span> <span class='ocrx_word' id='word_1_76' title='bbox 1571 1303 1919 1360; x_wconf 84' lang='lat' dir='ltr'><strong>calliditatem</strong></span> <span class='ocrx_word' id='word_1_77' title='bbox 1961 1305 2045 1359; x_wconf 89' lang='lat' dir='ltr'><strong>in-</strong></span> 
     </span>
    </p>
   </div>
   <div class='ocr_carea' id='block_1_12' title="bbox 464 1391 2044 1466">
    <p class='ocr_par' dir='ltr' id='par_1_12' title="bbox 464 1391 2044 1466">
     <span class='ocr_line' id='line_1_12' title="bbox 464 1391 2044 1466; baseline 0.003 -18"><span class='ocrx_word' id='word_1_78' title='bbox 464 1393 705 1466; x_wconf 87' lang='lat' dir='ltr'><strong>telligere</strong></span> <span class='ocrx_word' id='word_1_79' title='bbox 733 1391 1008 1460; x_wconf 85' lang='lat' dir='ltr'><strong>debemus,</strong></span> <span class='ocrx_word' id='word_1_80' title='bbox 1039 1393 1131 1464; x_wconf 88' lang='lat' dir='ltr'><strong>qui</strong></span> <span class='ocrx_word' id='word_1_81' title='bbox 1158 1393 1466 1464; x_wconf 86' lang='lat' dir='ltr'><strong>ubicunque</strong></span> <span class='ocrx_word' id='word_1_82' title='bbox 1514 1410 1638 1449; x_wconf 91' lang='lat' dir='ltr'><strong>cum</strong></span> <span class='ocrx_word' id='word_1_83' title='bbox 1667 1395 1917 1466; x_wconf 82' lang='lat' dir='ltr'><strong>dogmate</strong></span> <span class='ocrx_word' id='word_1_84' title='bbox 1946 1411 2044 1452; x_wconf 87' lang='lat' dir='ltr'><strong>suo</strong></span> 
     </span>
    </p>
   </div>
   <div class='ocr_carea' id='block_1_13' title="bbox 467 1485 2046 1554">
    <p class='ocr_par' dir='ltr' id='par_1_13' title="bbox 467 1485 2046 1554">
     <span class='ocr_line' id='line_1_13' title="bbox 467 1485 2046 1554; baseline 0.002 -13"><span class='ocrx_word' id='word_1_85' title='bbox 467 1485 827 1554; x_wconf 89' lang='lat' dir='ltr'><strong>intraverunt,</strong></span> <span class='ocrx_word' id='word_1_86' title='bbox 870 1494 1040 1542; x_wconf 89' lang='lat' dir='ltr'><strong>totum</strong></span> <span class='ocrx_word' id='word_1_87' title='bbox 1066 1485 1304 1540; x_wconf 90' lang='lat' dir='ltr'><strong>animum</strong></span> <span class='ocrx_word' id='word_1_88' title='bbox 1337 1485 1574 1554; x_wconf 87' lang='lat' dir='ltr'><strong>turbant,</strong></span> <span class='ocrx_word' id='word_1_89' title='bbox 1611 1495 1665 1541; x_wconf 90' lang='lat' dir='ltr'><strong>et</strong></span> <span class='ocrx_word' id='word_1_90' title='bbox 1693 1488 1931 1544; x_wconf 84' lang='lat' dir='ltr'><strong>tenebris</strong></span> <span class='ocrx_word' id='word_1_91' title='bbox 1959 1503 2046 1544; x_wconf 89' lang='lat' dir='ltr'><strong>er-</strong></span> 
     </span>
    </p>
   </div>
   <div class='ocr_carea' id='block_1_14' title="bbox 465 1577 930 1633">
    <p class='ocr_par' dir='ltr' id='par_1_14' title="bbox 465 1577 930 1633">
     <span class='ocr_line' id='line_1_14' title="bbox 465 1577 930 1633; baseline -0.002 -2"><span class='ocrx_word' id='word_1_92' title='bbox 465 1577 606 1633; x_wconf 90' lang='lat' dir='ltr'><strong>roris</strong></span> <span class='ocrx_word' id='word_1_93' title='bbox 633 1577 930 1633; x_wconf 85' lang='lat' dir='ltr'><strong>obcaecant.</strong></span> 
     </span>
    </p>
   </div>
   <div class='ocr_carea' id='block_1_15' title="bbox 539 1665 2048 1738">
    <p class='ocr_par' dir='ltr' id='par_1_15' title="bbox 539 1665 2048 1738">
     <span class='ocr_line' id='line_1_15' title="bbox 539 1665 2048 1738; baseline 0.003 -19"><span class='ocrx_word' id='word_1_94' title='bbox 539 1687 559 1719; x_wconf 75' lang='grc' dir='ltr'><strong><em>ι</em></strong></span> <span class='ocrx_word' id='word_1_95' title='bbox 594 1665 671 1722; x_wconf 83' lang='lat' dir='ltr'><strong>Tu</strong></span> <span class='ocrx_word' id='word_1_96' title='bbox 703 1676 904 1733; x_wconf 89' lang='lat' dir='ltr'><strong>autem,</strong></span> <span class='ocrx_word' id='word_1_97' title='bbox 938 1665 1187 1732; x_wconf 87' lang='lat' dir='ltr'><strong>Domine,</strong></span> <span class='ocrx_word' id='word_1_98' title='bbox 1218 1665 1272 1721; x_wconf 92' lang='lat' dir='ltr'><strong>in</strong></span> <span class='ocrx_word' id='word_1_99' title='bbox 1299 1673 1559 1722; x_wconf 75' lang='lat' dir='ltr'><strong>teternum</strong></span> <span class='ocrx_word' id='word_1_100' title='bbox 1583 1667 1942 1738; x_wconf 87' lang='lat' dir='ltr'><strong>permanebis,</strong></span> <span class='ocrx_word' id='word_1_101' title='bbox 1991 1675 2048 1724; x_wconf 88' lang='lat' dir='ltr'><strong>et</strong></span> 
     </span>
    </p>
   </div>
   <div class='ocr_carea' id='block_1_16' title="bbox 470 1743 2113 1830">
    <p class='ocr_par' dir='ltr' id='par_1_16' title="bbox 470 1743 2113 1830">
     <span class='ocr_line' id='line_1_16' title="bbox 470 1743 2113 1830; baseline 0.005 -20"><span class='ocrx_word' id='word_1_102' title='bbox 470 1777 490 1810; x_wconf 71' lang='grc' dir='ltr'><em>α</em></span> <span class='ocrx_word' id='word_1_103' title='bbox 525 1757 716 1813; x_wconf 88' lang='lat' dir='ltr'><strong>solium</strong></span> <span class='ocrx_word' id='word_1_104' title='bbox 743 1765 895 1812; x_wconf 90' lang='lat' dir='ltr'><strong>tuum</strong></span> <span class='ocrx_word' id='word_1_105' title='bbox 921 1758 978 1812; x_wconf 92' lang='lat' dir='ltr'><strong>in</strong></span> <span class='ocrx_word' id='word_1_106' title='bbox 1002 1757 1348 1828; x_wconf 79' lang='lat' dir='ltr'><strong>generatione</strong></span> <span class='ocrx_word' id='word_1_107' title='bbox 1370 1766 1423 1814; x_wconf 90' lang='lat' dir='ltr'><strong>et</strong></span> <span class='ocrx_word' id='word_1_108' title='bbox 1453 1761 1824 1830; x_wconf 76' lang='lat' dir='ltr'><strong>generatione.</strong></span> <span class='ocrx_word' id='word_1_109' title='bbox 1855 1761 2036 1829; x_wconf 89' lang='lat' dir='ltr'><strong>Quare</strong></span> <span class='ocrx_word' id='word_1_110' title='bbox 2069 1743 2113 1800; x_wconf 79' lang='grc' dir='ltr'><strong>Β</strong></span> 
     </span>
    </p>
   </div>
   <div class='ocr_carea' id='block_1_17' title="bbox 471 1847 2042 1920">
    <p class='ocr_par' dir='ltr' id='par_1_17' title="bbox 471 1847 2042 1920">
     <span class='ocr_line' id='line_1_17' title="bbox 471 1847 2042 1920; baseline 0.003 -18"><span class='ocrx_word' id='word_1_111' title='bbox 471 1868 493 1902; x_wconf 70' lang='grc' dir='ltr'>ι</span> <span class='ocrx_word' id='word_1_112' title='bbox 536 1865 666 1920; x_wconf 86' lang='lat' dir='ltr'><strong>ergo</strong></span> <span class='ocrx_word' id='word_1_113' title='bbox 692 1849 746 1904; x_wconf 92' lang='lat' dir='ltr'><strong>in</strong></span> <span class='ocrx_word' id='word_1_114' title='bbox 789 1857 1107 1919; x_wconf 87' lang='lat' dir='ltr'><strong>perpetuum</strong></span> <span class='ocrx_word' id='word_1_115' title='bbox 1133 1847 1469 1904; x_wconf 79' lang='lat' dir='ltr'><strong>Oblivisceris</strong></span> <span class='ocrx_word' id='word_1_116' title='bbox 1494 1851 1686 1918; x_wconf 87' lang='lat' dir='ltr'><strong>nostri,</strong></span> <span class='ocrx_word' id='word_1_117' title='bbox 1731 1859 1786 1906; x_wconf 91' lang='lat' dir='ltr'><strong>et</strong></span> <span class='ocrx_word' id='word_1_118' title='bbox 1805 1851 2042 1908; x_wconf 85' lang='lat' dir='ltr'><strong>derelin-</strong></span> 
     </span>
    </p>
   </div>
   <div class='ocr_carea' id='block_1_18' title="bbox 473 1938 2044 2013">
    <p class='ocr_par' dir='ltr' id='par_1_18' title="bbox 473 1938 2044 2013">
     <span class='ocr_line' id='line_1_18' title="bbox 473 1938 2044 2013; baseline 0.005 -19"><span class='ocrx_word' id='word_1_119' title='bbox 473 1961 494 1994; x_wconf 71' lang='grc' dir='ltr'><strong><em>ι</em></strong></span> <span class='ocrx_word' id='word_1_120' title='bbox 533 1957 668 2013; x_wconf 86' lang='lat' dir='ltr'><strong>ques</strong></span> <span class='ocrx_word' id='word_1_121' title='bbox 715 1953 814 1996; x_wconf 88' lang='lat' dir='ltr'><strong>nos</strong></span> <span class='ocrx_word' id='word_1_122' title='bbox 850 1941 906 1995; x_wconf 92' lang='lat' dir='ltr'><strong>in</strong></span> <span class='ocrx_word' id='word_1_123' title='bbox 964 1940 1297 2012; x_wconf 79' lang='lat' dir='ltr'><strong>longitudine</strong></span> <span class='ocrx_word' id='word_1_124' title='bbox 1350 1938 1601 1996; x_wconf 78' lang='lat' dir='ltr'><strong>dierum?</strong></span> <span class='ocrx_word' id='word_1_125' title='bbox 1637 1963 1655 1994; x_wconf 74' lang='grc' dir='ltr'><strong>ι</strong></span> <span class='ocrx_word' id='word_1_126' title='bbox 1714 1943 2044 2002; x_wconf 80' lang='lat' dir='ltr'><strong>Enumerata</strong></span> 
     </span>
    </p>
   </div>
   <div class='ocr_carea' id='block_1_19' title="bbox 468 2029 2044 2107">
    <p class='ocr_par' dir='ltr' id='par_1_19' title="bbox 468 2029 2044 2107">
     <span class='ocr_line' id='line_1_19' title="bbox 468 2029 2044 2107; baseline 0.003 -21"><span class='ocrx_word' id='word_1_127' title='bbox 468 2030 811 2086; x_wconf 85' lang='lat' dir='ltr'><strong>multitudine</strong></span> <span class='ocrx_word' id='word_1_128' title='bbox 855 2029 1261 2086; x_wconf 83' lang='lat' dir='ltr'><strong>tribulationum</strong></span> <span class='ocrx_word' id='word_1_129' title='bbox 1285 2073 1298 2098; x_wconf 92' lang='lat'><strong>,</strong></span> <span class='ocrx_word' id='word_1_130' title='bbox 1327 2047 1465 2103; x_wconf 89' lang='lat' dir='ltr'><strong>quas</strong></span> <span class='ocrx_word' id='word_1_131' title='bbox 1508 2048 1668 2104; x_wconf 87' lang='lat' dir='ltr'><strong>supra</strong></span> <span class='ocrx_word' id='word_1_132' title='bbox 1705 2035 1888 2089; x_wconf 88' lang='lat' dir='ltr'><strong>retulit</strong></span> <span class='ocrx_word' id='word_1_133' title='bbox 1913 2051 2044 2107; x_wconf 85' lang='lat' dir='ltr'><strong>pro-</strong></span> 
     </span>
    </p>
   </div>
   <div class='ocr_carea' id='block_1_20' title="bbox 466 2117 2043 2201">
    <p class='ocr_par' dir='ltr' id='par_1_20' title="bbox 466 2117 2043 2201">
     <span class='ocr_line' id='line_1_20' title="bbox 466 2117 2043 2201; baseline 0.005 -23"><span class='ocrx_word' id='word_1_134' title='bbox 466 2124 651 2194; x_wconf 81' lang='lat' dir='ltr'><strong>pheta,</strong></span> <span class='ocrx_word' id='word_1_135' title='bbox 707 2130 964 2178; x_wconf 60' lang='lat' dir='ltr'><strong>mternam</strong></span> <span class='ocrx_word' id='word_1_136' title='bbox 1011 2117 1228 2179; x_wconf 85' lang='lat' dir='ltr'><strong>Domini</strong></span> <span class='ocrx_word' id='word_1_137' title='bbox 1269 2125 1566 2196; x_wconf 87' lang='lat' dir='ltr'><strong>potentiam</strong></span> <span class='ocrx_word' id='word_1_138' title='bbox 1612 2136 1668 2183; x_wconf 89' lang='lat' dir='ltr'><strong>et</strong></span> <span class='ocrx_word' id='word_1_139' title='bbox 1705 2129 2043 2201; x_wconf 73' lang='lat' dir='ltr'><strong>maiestatem</strong></span> 
     </span>
    </p>
   </div>
   <div class='ocr_carea' id='block_1_21' title="bbox 467 2211 2044 2294">
    <p class='ocr_par' dir='ltr' id='par_1_21' title="bbox 467 2211 2044 2294">
     <span class='ocr_line' id='line_1_21' title="bbox 467 2211 2044 2294; baseline 0.006 -26"><span class='ocrx_word' id='word_1_140' title='bbox 467 2211 586 2268; x_wconf 89' lang='lat' dir='ltr'><strong>solii</strong></span> <span class='ocrx_word' id='word_1_141' title='bbox 624 2212 742 2284; x_wconf 86' lang='lat' dir='ltr'><strong>ejus</strong></span> <span class='ocrx_word' id='word_1_142' title='bbox 786 2215 969 2270; x_wconf 84' lang='lat' dir='ltr'><strong>verbis</strong></span> <span class='ocrx_word' id='word_1_143' title='bbox 1018 2215 1347 2286; x_wconf 89' lang='lat' dir='ltr'><strong>supplicibus</strong></span> <span class='ocrx_word' id='word_1_144' title='bbox 1397 2220 1869 2276; x_wconf 84' lang='lat' dir='ltr'><strong>commemorando</strong></span> <span class='ocrx_word' id='word_1_145' title='bbox 1905 2237 2044 2294; x_wconf 66' lang='lat' dir='ltr'><strong>prte-</strong></span> 
     </span>
    </p>
   </div>
   <div class='ocr_carea' id='block_1_22' title="bbox 467 2304 2046 2380">
    <p class='ocr_par' dir='ltr' id='par_1_22' title="bbox 467 2304 2046 2380">
     <span class='ocr_line' id='line_1_22' title="bbox 467 2304 2046 2380; baseline 0.007 -23"><span class='ocrx_word' id='word_1_146' title='bbox 467 2304 628 2370; x_wconf 90' lang='lat' dir='ltr'><strong>dicat,</strong></span> <span class='ocrx_word' id='word_1_147' title='bbox 670 2313 934 2375; x_wconf 83' lang='lat' dir='ltr'><strong>quatenus</strong></span> <span class='ocrx_word' id='word_1_148' title='bbox 975 2321 1099 2361; x_wconf 90' lang='lat' dir='ltr'><strong>eum</strong></span> <span class='ocrx_word' id='word_1_149' title='bbox 1147 2307 1335 2363; x_wconf 88' lang='lat' dir='ltr'><strong>humili</strong></span> <span class='ocrx_word' id='word_1_150' title='bbox 1383 2311 1642 2380; x_wconf 84' lang='lat' dir='ltr'><strong>petitione</strong></span> <span class='ocrx_word' id='word_1_151' title='bbox 1685 2312 1750 2366; x_wconf 88' lang='lat' dir='ltr'><strong>ad</strong></span> <span class='ocrx_word' id='word_1_152' title='bbox 1785 2313 2046 2368; x_wconf 88' lang='lat' dir='ltr'><strong>miseran-</strong></span> 
     </span>
    </p>
   </div>
   <div class='ocr_carea' id='block_1_23' title="bbox 468 2393 2040 2474">
    <p class='ocr_par' dir='ltr' id='par_1_23' title="bbox 468 2393 2040 2474">
     <span class='ocr_line' id='line_1_23' title="bbox 468 2393 2040 2474; baseline 0.006 -22"><span class='ocrx_word' id='word_1_153' title='bbox 468 2397 592 2453; x_wconf 92' lang='lat' dir='ltr'><strong>dum</strong></span> <span class='ocrx_word' id='word_1_154' title='bbox 619 2405 896 2469; x_wconf 85' lang='lat' dir='ltr'><strong>provocet,</strong></span> <span class='ocrx_word' id='word_1_155' title='bbox 927 2406 984 2454; x_wconf 90' lang='lat' dir='ltr'><strong>et</strong></span> <span class='ocrx_word' id='word_1_156' title='bbox 1012 2400 1078 2454; x_wconf 92' lang='lat' dir='ltr'><strong>ad</strong></span> <span class='ocrx_word' id='word_1_157' title='bbox 1106 2393 1485 2457; x_wconf 73' lang='lat' dir='ltr'><strong>celerationeni</strong></span> <span class='ocrx_word' id='word_1_158' title='bbox 1522 2406 1806 2474; x_wconf 90' lang='lat' dir='ltr'><strong>opportuni</strong></span> <span class='ocrx_word' id='word_1_159' title='bbox 1837 2407 2040 2473; x_wconf 84' lang='lat' dir='ltr'><strong>auxilii,</strong></span> 
     </span>
    </p>
   </div>
   <div class='ocr_carea' id='block_1_24' title="bbox 464 2487 2044 2566">
    <p class='ocr_par' dir='ltr' id='par_1_24' title="bbox 464 2487 2044 2566">
     <span class='ocr_line' id='line_1_24' title="bbox 464 2487 2044 2566; baseline 0.005 -22"><span class='ocrx_word' id='word_1_160' title='bbox 464 2503 535 2544; x_wconf 88' lang='lat' dir='ltr'><strong>ne</strong></span> <span class='ocrx_word' id='word_1_161' title='bbox 563 2487 654 2544; x_wconf 91' lang='lat' dir='ltr'><strong>diu</strong></span> <span class='ocrx_word' id='word_1_162' title='bbox 691 2489 794 2544; x_wconf 88' lang='lat' dir='ltr'><strong>sub</strong></span> <span class='ocrx_word' id='word_1_163' title='bbox 823 2487 1060 2543; x_wconf 89' lang='lat' dir='ltr'><strong>hostium</strong></span> <span class='ocrx_word' id='word_1_164' title='bbox 1091 2490 1457 2548; x_wconf 88' lang='lat' dir='ltr'><strong>dominatione</strong></span> <span class='ocrx_word' id='word_1_165' title='bbox 1496 2493 1794 2559; x_wconf 88' lang='lat' dir='ltr'><strong>constituti,</strong></span> <span class='ocrx_word' id='word_1_166' title='bbox 1831 2497 2044 2566; x_wconf 89' lang='lat' dir='ltr'><strong>penitus</strong></span> 
     </span>
    </p>
   </div>
   <div class='ocr_carea' id='block_1_25' title="bbox 464 2577 2045 2653">
    <p class='ocr_par' dir='ltr' id='par_1_25' title="bbox 464 2577 2045 2653">
     <span class='ocr_line' id='line_1_25' title="bbox 464 2577 2045 2653; baseline 0.003 -17"><span class='ocrx_word' id='word_1_167' title='bbox 464 2580 842 2650; x_wconf 86' lang='lat' dir='ltr'><strong>desperatione</strong></span> <span class='ocrx_word' id='word_1_168' title='bbox 889 2577 1167 2635; x_wconf 85' lang='lat' dir='ltr'><strong>deﬁciant.</strong></span> <span class='ocrx_word' id='word_1_169' title='bbox 1202 2580 1355 2648; x_wconf 89' lang='lat' dir='ltr'><strong>Quod</strong></span> <span class='ocrx_word' id='word_1_170' title='bbox 1379 2590 1558 2638; x_wconf 89' lang='lat' dir='ltr'><strong>autem</strong></span> <span class='ocrx_word' id='word_1_171' title='bbox 1599 2584 1730 2639; x_wconf 83' lang='lat' dir='ltr'><strong>dicit</strong></span> <span class='ocrx_word' id='word_1_172' title='bbox 1760 2603 1772 2638; x_wconf 91' lang='lat'><strong>:</strong></span> <span class='ocrx_word' id='word_1_173' title='bbox 1813 2606 1830 2638; x_wconf 85' lang='grc'><strong>‹</strong></span> <span class='ocrx_word' id='word_1_174' title='bbox 1867 2586 2045 2653; x_wconf 84' lang='lat' dir='ltr'><strong>Quare</strong></span> 
     </span>
    </p>
   </div>
   <div class='ocr_carea' id='block_1_26' title="bbox 469 2665 2045 2746">
    <p class='ocr_par' dir='ltr' id='par_1_26' title="bbox 469 2665 2045 2746">
     <span class='ocr_line' id='line_1_26' title="bbox 469 2665 2045 2746; baseline 0.002 -15"><span class='ocrx_word' id='word_1_175' title='bbox 469 2665 526 2731; x_wconf 87' lang='lat' dir='ltr'><strong>in</strong></span> <span class='ocrx_word' id='word_1_176' title='bbox 578 2681 900 2746; x_wconf 88' lang='lat' dir='ltr'><strong>perpetuum</strong></span> <span class='ocrx_word' id='word_1_177' title='bbox 947 2671 1287 2730; x_wconf 83' lang='lat' dir='ltr'><strong>Oblivisceris</strong></span> <span class='ocrx_word' id='word_1_178' title='bbox 1332 2677 1526 2742; x_wconf 89' lang='lat' dir='ltr'><strong>nostri,</strong></span> <span class='ocrx_word' id='word_1_179' title='bbox 1569 2697 1588 2730; x_wconf 74' lang='grc' dir='ltr'><strong><em>ι</em></strong></span> <span class='ocrx_word' id='word_1_180' title='bbox 1617 2694 1766 2734; x_wconf 90' lang='lat' dir='ltr'><strong>more</strong></span> <span class='ocrx_word' id='word_1_181' title='bbox 1806 2679 2045 2735; x_wconf 88' lang='lat' dir='ltr'><strong>humano</strong></span> 
     </span>
    </p>
   </div>
   <div class='ocr_carea' id='block_1_27' title="bbox 468 2763 2046 2841">
    <p class='ocr_par' dir='ltr' id='par_1_27' title="bbox 468 2763 2046 2841">
     <span class='ocr_line' id='line_1_27' title="bbox 468 2763 2046 2841; baseline 0.003 -20"><span class='ocrx_word' id='word_1_182' title='bbox 468 2769 730 2839; x_wconf 83' lang='lat' dir='ltr'><strong>loquitur,</strong></span> <span class='ocrx_word' id='word_1_183' title='bbox 757 2763 900 2836; x_wconf 90' lang='lat' dir='ltr'><strong>quod</strong></span> <span class='ocrx_word' id='word_1_184' title='bbox 928 2763 1084 2835; x_wconf 84' lang='lat' dir='ltr'><strong>quasi</strong></span> <span class='ocrx_word' id='word_1_185' title='bbox 1111 2763 1309 2822; x_wconf 91' lang='lat' dir='ltr'><strong>oblitos</strong></span> <span class='ocrx_word' id='word_1_186' title='bbox 1337 2771 1558 2826; x_wconf 92' lang='lat' dir='ltr'><strong>omnino</strong></span> <span class='ocrx_word' id='word_1_187' title='bbox 1591 2785 1847 2841; x_wconf 85' lang='lat' dir='ltr'><strong>spernere</strong></span> <span class='ocrx_word' id='word_1_188' title='bbox 1869 2771 2046 2826; x_wconf 77' lang='lat' dir='ltr'><strong>videa-</strong></span> 
     </span>
    </p>
   </div>
   <div class='ocr_carea' id='block_1_28' title="bbox 467 2863 2045 2936">
    <p class='ocr_par' dir='ltr' id='par_1_28' title="bbox 467 2863 2045 2936">
     <span class='ocr_line' id='line_1_28' title="bbox 467 2863 2045 2936; baseline -0.001 -16"><span class='ocrx_word' id='word_1_189' title='bbox 467 2871 574 2931; x_wconf 91' lang='lat' dir='ltr'><strong>tur,</strong></span> <span class='ocrx_word' id='word_1_190' title='bbox 610 2863 705 2936; x_wconf 88' lang='lat' dir='ltr'><strong>qui</strong></span> <span class='ocrx_word' id='word_1_191' title='bbox 731 2866 812 2923; x_wconf 90' lang='lat' dir='ltr'><strong>eis</strong></span> <span class='ocrx_word' id='word_1_192' title='bbox 847 2867 955 2924; x_wconf 91' lang='lat' dir='ltr'><strong>cito</strong></span> <span class='ocrx_word' id='word_1_193' title='bbox 985 2885 1092 2924; x_wconf 92' lang='lat' dir='ltr'><strong>non</strong></span> <span class='ocrx_word' id='word_1_194' title='bbox 1139 2867 1506 2932; x_wconf 78' lang='lat' dir='ltr'><strong>auxiliabitur,</strong></span> <span class='ocrx_word' id='word_1_195' title='bbox 1560 2879 1683 2919; x_wconf 90' lang='lat' dir='ltr'><strong>cum</strong></span> <span class='ocrx_word' id='word_1_196' title='bbox 1727 2863 1856 2918; x_wconf 86' lang='lat' dir='ltr'><strong>alibi</strong></span> <span class='ocrx_word' id='word_1_197' title='bbox 1883 2863 1950 2918; x_wconf 89' lang='lat' dir='ltr'><strong>de</strong></span> <span class='ocrx_word' id='word_1_198' title='bbox 1978 2877 2045 2918; x_wconf 91' lang='lat' dir='ltr'><strong>eo</strong></span> 
     </span>
    </p>
   </div>
   <div class='ocr_carea' id='block_1_29' title="bbox 465 2955 2046 3027">
    <p class='ocr_par' dir='ltr' id='par_1_29' title="bbox 465 2955 2046 3027">
     <span class='ocr_line' id='line_1_29' title="bbox 465 2955 2046 3027; baseline -0.003 -15"><span class='ocrx_word' id='word_1_199' title='bbox 465 2957 726 3027; x_wconf 86' lang='lat' dir='ltr'><strong>scriptum</strong></span> <span class='ocrx_word' id='word_1_200' title='bbox 761 2969 849 3015; x_wconf 87' lang='lat' dir='ltr'><strong>est</strong></span> <span class='ocrx_word' id='word_1_201' title='bbox 880 2978 893 3014; x_wconf 89' lang='lat'><strong>:</strong></span> <span class='ocrx_word' id='word_1_202' title='bbox 934 2980 952 3013; x_wconf 85' lang='grc'><em>‹</em></span> <span class='ocrx_word' id='word_1_203' title='bbox 986 2958 1104 3015; x_wconf 83' lang='grc' dir='ltr'><strong>Νοιι</strong></span> <span class='ocrx_word' id='word_1_204' title='bbox 1132 2959 1186 3014; x_wconf 92' lang='lat' dir='ltr'><strong>in</strong></span> <span class='ocrx_word' id='word_1_205' title='bbox 1217 2957 1380 3015; x_wconf 90' lang='lat' dir='ltr'><strong>ﬁnem</strong></span> <span class='ocrx_word' id='word_1_206' title='bbox 1429 2958 1716 3021; x_wconf 86' lang='lat' dir='ltr'><strong>irascetur,</strong></span> <span class='ocrx_word' id='word_1_207' title='bbox 1757 2969 1934 3024; x_wconf 89' lang='lat' dir='ltr'><strong>neque</strong></span> <span class='ocrx_word' id='word_1_208' title='bbox 1988 2955 2046 3009; x_wconf 91' lang='lat' dir='ltr'><strong>in</strong></span> 
     </span>
    </p>
   </div>
   <div class='ocr_carea' id='block_1_30' title="bbox 463 3043 2044 3123">
    <p class='ocr_par' dir='ltr' id='par_1_30' title="bbox 463 3043 2044 3123">
     <span class='ocr_line' id='line_1_30' title="bbox 463 3043 2044 3123; baseline -0.004 -19"><span class='ocrx_word' id='word_1_209' title='bbox 463 3057 726 3106; x_wconf 78' lang='lat' dir='ltr'><strong>aeternum</strong></span> <span class='ocrx_word' id='word_1_210' title='bbox 753 3051 1176 3108; x_wconf 90' lang='lat' dir='ltr'><strong>comminabitur</strong></span> <span class='ocrx_word' id='word_1_211' title='bbox 1205 3046 1378 3123; x_wconf 77' lang='lat' dir='ltr'><strong>(Psal.</strong></span> <span class='ocrx_word' id='word_1_212' title='bbox 1401 3048 1516 3120; x_wconf 86' lang='lat' dir='ltr'><strong>cu).</strong></span> <span class='ocrx_word' id='word_1_213' title='bbox 1550 3068 1568 3098; x_wconf 71' lang='grc' dir='ltr'><strong><em>ι</em></strong></span> <span class='ocrx_word' id='word_1_214' title='bbox 1597 3047 1808 3102; x_wconf 87' lang='lat' dir='ltr'><strong>Etitem</strong></span> <span class='ocrx_word' id='word_1_215' title='bbox 1835 3063 1848 3100; x_wconf 89' lang='lat'><strong>:</strong></span> <span class='ocrx_word' id='word_1_216' title='bbox 1879 3064 1898 3096; x_wconf 75' lang='grc' dir='ltr'>ι</span> <span class='ocrx_word' id='word_1_217' title='bbox 1927 3043 2044 3100; x_wconf 76' lang='lat' dir='ltr'><strong>Non</strong></span> 
     </span>
    </p>
   </div>
   <div class='ocr_carea' id='block_1_31' title="bbox 463 3116 2116 3212">
    <p class='ocr_par' dir='ltr' id='par_1_31' title="bbox 463 3116 2116 3212">
     <span class='ocr_line' id='line_1_31' title="bbox 463 3116 2116 3212; baseline -0.004 -16"><span class='ocrx_word' id='word_1_218' title='bbox 463 3140 690 3211; x_wconf 84' lang='lat' dir='ltr'><strong>repellet</strong></span> <span class='ocrx_word' id='word_1_219' title='bbox 741 3141 1006 3198; x_wconf 90' lang='lat' dir='ltr'><strong>Dominus</strong></span> <span class='ocrx_word' id='word_1_220' title='bbox 1063 3116 1275 3212; x_wconf 81' lang='lat' dir='ltr'><strong>plebem</strong></span> <span class='ocrx_word' id='word_1_221' title='bbox 1334 3116 1509 3206; x_wconf 83' lang='lat' dir='ltr'><strong>suam,</strong></span> <span class='ocrx_word' id='word_1_222' title='bbox 1561 3147 1616 3193; x_wconf 88' lang='lat' dir='ltr'><strong>et</strong></span> <span class='ocrx_word' id='word_1_223' title='bbox 1667 3116 2116 3192; x_wconf 68' lang='lat' dir='ltr'><strong>haereditatcmc</strong></span> 
     </span>
    </p>
   </div>
   <div class='ocr_carea' id='block_1_32' title="bbox 464 3227 2043 3307">
    <p class='ocr_par' dir='ltr' id='par_1_32' title="bbox 464 3227 2043 3307">
     <span class='ocr_line' id='line_1_32' title="bbox 464 3227 2043 3307; baseline -0.004 -20"><span class='ocrx_word' id='word_1_224' title='bbox 464 3247 623 3288; x_wconf 85' lang='lat' dir='ltr'><strong>suam</strong></span> <span class='ocrx_word' id='word_1_225' title='bbox 649 3248 756 3288; x_wconf 91' lang='lat' dir='ltr'><strong>non</strong></span> <span class='ocrx_word' id='word_1_226' title='bbox 785 3231 1124 3303; x_wconf 89' lang='lat' dir='ltr'><strong>derelinquet</strong></span> <span class='ocrx_word' id='word_1_227' title='bbox 1151 3231 1321 3306; x_wconf 77' lang='lat' dir='ltr'><strong>(Psal.</strong></span> <span class='ocrx_word' id='word_1_228' title='bbox 1346 3229 1511 3297; x_wconf 70' lang='grc' dir='ltr'><strong>χειν).</strong></span> <span class='ocrx_word' id='word_1_229' title='bbox 1547 3251 1570 3307; x_wconf 60' lang='grc' dir='ltr'><em>ρ</em></span> <span class='ocrx_word' id='word_1_230' title='bbox 1596 3229 1714 3284; x_wconf 86' lang='lat' dir='ltr'><strong>Non</strong></span> <span class='ocrx_word' id='word_1_231' title='bbox 1763 3229 1906 3282; x_wconf 90' lang='lat' dir='ltr'><strong>enim</strong></span> <span class='ocrx_word' id='word_1_232' title='bbox 1952 3227 2043 3282; x_wconf 76' lang='lat' dir='ltr'><strong>Ju-</strong></span> 
     </span>
    </p>
   </div>
   <div class='ocr_carea' id='block_1_33' title="bbox 471 3315 2044 3392">
    <p class='ocr_par' dir='ltr' id='par_1_33' title="bbox 471 3315 2044 3392">
     <span class='ocr_line' id='line_1_33' title="bbox 471 3315 2044 3392; baseline 0.001 -17"><span class='ocrx_word' id='word_1_233' title='bbox 471 3319 680 3375; x_wconf 87' lang='lat' dir='ltr'><strong>daicam</strong></span> <span class='ocrx_word' id='word_1_234' title='bbox 727 3319 941 3392; x_wconf 84' lang='lat' dir='ltr'><strong>plebem</strong></span> <span class='ocrx_word' id='word_1_235' title='bbox 968 3317 1228 3376; x_wconf 88' lang='lat' dir='ltr'><strong>Dominus</strong></span> <span class='ocrx_word' id='word_1_236' title='bbox 1283 3321 1358 3376; x_wconf 89' lang='lat' dir='ltr'><strong>ita</strong></span> <span class='ocrx_word' id='word_1_237' title='bbox 1420 3319 1633 3391; x_wconf 84' lang='lat' dir='ltr'><strong>repulit,</strong></span> <span class='ocrx_word' id='word_1_238' title='bbox 1677 3327 1736 3374; x_wconf 90' lang='lat' dir='ltr'><strong>ut</strong></span> <span class='ocrx_word' id='word_1_239' title='bbox 1761 3315 1899 3372; x_wconf 90' lang='lat' dir='ltr'><strong>ultra</strong></span> <span class='ocrx_word' id='word_1_240' title='bbox 1925 3316 2044 3388; x_wconf 85' lang='lat' dir='ltr'><strong>ejus</strong></span> 
     </span>
    </p>
   </div>
   <div class='ocr_carea' id='block_1_34' title="bbox 469 3407 2043 3481">
    <p class='ocr_par' dir='ltr' id='par_1_34' title="bbox 469 3407 2043 3481">
     <span class='ocr_line' id='line_1_34' title="bbox 469 3407 2043 3481; baseline 0.001 -17"><span class='ocrx_word' id='word_1_241' title='bbox 469 3409 720 3464; x_wconf 76' lang='lat' dir='ltr'><strong>misereri</strong></span> <span class='ocrx_word' id='word_1_242' title='bbox 765 3408 958 3477; x_wconf 89' lang='lat' dir='ltr'><strong>nollet,</strong></span> <span class='ocrx_word' id='word_1_243' title='bbox 1002 3410 1098 3466; x_wconf 89' lang='lat' dir='ltr'><strong>sed</strong></span> <span class='ocrx_word' id='word_1_244' title='bbox 1135 3429 1154 3462; x_wconf 75' lang='grc' dir='ltr'><strong>ε</strong></span> <span class='ocrx_word' id='word_1_245' title='bbox 1193 3411 1410 3466; x_wconf 82' lang='lat' dir='ltr'><strong>caecitas</strong></span> <span class='ocrx_word' id='word_1_246' title='bbox 1447 3425 1515 3465; x_wconf 83' lang='lat' dir='ltr'><strong>ex</strong></span> <span class='ocrx_word' id='word_1_247' title='bbox 1543 3417 1700 3481; x_wconf 89' lang='lat' dir='ltr'><strong>parte</strong></span> <span class='ocrx_word' id='word_1_248' title='bbox 1733 3407 1959 3480; x_wconf 79' lang='lat' dir='ltr'><strong>contigit</strong></span> <span class='ocrx_word' id='word_1_249' title='bbox 1987 3411 2043 3465; x_wconf 92' lang='lat' dir='ltr'><strong>in</strong></span> 
     </span>
    </p>
   </div>
   <div class='ocr_carea' id='block_1_35' title="bbox 464 3495 2045 3573">
    <p class='ocr_par' dir='ltr' id='par_1_35' title="bbox 464 3495 2045 3573">
     <span class='ocr_line' id='line_1_35' title="bbox 464 3495 2045 3573; baseline -0.002 -18"><span class='ocrx_word' id='word_1_250' title='bbox 464 3497 632 3555; x_wconf 86' lang='lat' dir='ltr'><strong>Israel</strong></span> <span class='ocrx_word' id='word_1_251' title='bbox 651 3499 823 3556; x_wconf 92' lang='lat' dir='ltr'><strong>donec</strong></span> <span class='ocrx_word' id='word_1_252' title='bbox 841 3495 1114 3571; x_wconf 89' lang='lat' dir='ltr'><strong>plenitudo</strong></span> <span class='ocrx_word' id='word_1_253' title='bbox 1135 3499 1374 3573; x_wconf 80' lang='lat' dir='ltr'><strong>gentium</strong></span> <span class='ocrx_word' id='word_1_254' title='bbox 1399 3497 1748 3564; x_wconf 88' lang='lat' dir='ltr'><strong>subintraret,</strong></span> <span class='ocrx_word' id='word_1_255' title='bbox 1765 3507 1820 3554; x_wconf 88' lang='lat' dir='ltr'><strong>et</strong></span> <span class='ocrx_word' id='word_1_256' title='bbox 1835 3499 1913 3554; x_wconf 89' lang='lat' dir='ltr'><strong>sic</strong></span> <span class='ocrx_word' id='word_1_257' title='bbox 1932 3513 2045 3555; x_wconf 90' lang='lat' dir='ltr'><strong>om-</strong></span> 
     </span>
    </p>
   </div>
   <div class='ocr_carea' id='block_1_36' title="bbox 467 3587 2045 3663">
    <p class='ocr_par' dir='ltr' id='par_1_36' title="bbox 467 3587 2045 3663">
     <span class='ocr_line' id='line_1_36' title="bbox 467 3587 2045 3663; baseline -0.001 -18"><span class='ocrx_word' id='word_1_258' title='bbox 467 3591 554 3646; x_wconf 89' lang='lat' dir='ltr'><strong>nis</strong></span> <span class='ocrx_word' id='word_1_259' title='bbox 577 3590 740 3646; x_wconf 87' lang='lat' dir='ltr'><strong>lsrael</strong></span> <span class='ocrx_word' id='word_1_260' title='bbox 763 3591 942 3648; x_wconf 83' lang='lat' dir='ltr'><strong>salvus</strong></span> <span class='ocrx_word' id='word_1_261' title='bbox 965 3590 1137 3646; x_wconf 89' lang='lat' dir='ltr'><strong>ﬁeret.</strong></span> <span class='ocrx_word' id='word_1_262' title='bbox 1171 3610 1190 3644; x_wconf 85' lang='grc'>›</span> <span class='ocrx_word' id='word_1_263' title='bbox 1211 3589 1362 3648; x_wconf 81' lang='lat' dir='ltr'><strong>Nunc</strong></span> <span class='ocrx_word' id='word_1_264' title='bbox 1396 3606 1608 3663; x_wconf 89' lang='lat' dir='ltr'><strong>quoque</strong></span> <span class='ocrx_word' id='word_1_265' title='bbox 1635 3589 1874 3662; x_wconf 89' lang='lat' dir='ltr'><strong>quotidie</strong></span> <span class='ocrx_word' id='word_1_266' title='bbox 1905 3587 2045 3645; x_wconf 83' lang='lat' dir='ltr'><strong>sicut</strong></span> 
     </span>
    </p>
   </div>
   <div class='ocr_carea' id='block_1_37' title="bbox 465 3679 2042 3754">
    <p class='ocr_par' dir='ltr' id='par_1_37' title="bbox 465 3679 2042 3754">
     <span class='ocr_line' id='line_1_37' title="bbox 465 3679 2042 3754; baseline -0.001 -18"><span class='ocrx_word' id='word_1_267' title='bbox 465 3681 668 3738; x_wconf 90' lang='lat' dir='ltr'><strong>dudum</strong></span> <span class='ocrx_word' id='word_1_268' title='bbox 703 3682 930 3750; x_wconf 80' lang='lat' dir='ltr'><strong>fecerat,</strong></span> <span class='ocrx_word' id='word_1_269' title='bbox 977 3683 1190 3754; x_wconf 91' lang='lat' dir='ltr'><strong>aliquos</strong></span> <span class='ocrx_word' id='word_1_270' title='bbox 1230 3681 1298 3738; x_wconf 89' lang='lat' dir='ltr'><strong>ad</strong></span> <span class='ocrx_word' id='word_1_271' title='bbox 1343 3679 1506 3738; x_wconf 83' lang='lat' dir='ltr'><strong>ﬁdem</strong></span> <span class='ocrx_word' id='word_1_272' title='bbox 1541 3679 1745 3737; x_wconf 85' lang='lat' dir='ltr'><strong>Christi</strong></span> <span class='ocrx_word' id='word_1_273' title='bbox 1785 3690 1839 3736; x_wconf 89' lang='lat' dir='ltr'><strong>et</strong></span> <span class='ocrx_word' id='word_1_274' title='bbox 1867 3680 2042 3735; x_wconf 84' lang='lat' dir='ltr'><strong>eccle-</strong></span> 
     </span>
    </p>
   </div>
   <div class='ocr_carea' id='block_1_38' title="bbox 465 3767 2040 3842">
    <p class='ocr_par' dir='ltr' id='par_1_38' title="bbox 465 3767 2040 3842">
     <span class='ocr_line' id='line_1_38' title="bbox 465 3767 2040 3842; baseline -0.001 -14"><span class='ocrx_word' id='word_1_275' title='bbox 465 3773 734 3830; x_wconf 88' lang='lat' dir='ltr'><strong>siasticam</strong></span> <span class='ocrx_word' id='word_1_276' title='bbox 773 3776 1034 3832; x_wconf 89' lang='lat' dir='ltr'><strong>unitatem</strong></span> <span class='ocrx_word' id='word_1_277' title='bbox 1075 3773 1367 3842; x_wconf 81' lang='lat' dir='ltr'><strong>convertit,</strong></span> <span class='ocrx_word' id='word_1_278' title='bbox 1410 3782 1469 3830; x_wconf 92' lang='lat' dir='ltr'><strong>ut</strong></span> <span class='ocrx_word' id='word_1_279' title='bbox 1495 3773 1690 3829; x_wconf 89' lang='lat' dir='ltr'><strong>electio</strong></span> <span class='ocrx_word' id='word_1_280' title='bbox 1735 3772 1882 3830; x_wconf 89' lang='lat' dir='ltr'><strong>salva</strong></span> <span class='ocrx_word' id='word_1_281' title='bbox 1927 3767 2040 3827; x_wconf 89' lang='lat' dir='ltr'><strong>ﬁat.</strong></span> 
     </span>
    </p>
   </div>
   <div class='ocr_carea' id='block_1_39' title="bbox 466 3866 2042 3942">
    <p class='ocr_par' dir='ltr' id='par_1_39' title="bbox 466 3866 2042 3942">
     <span class='ocr_line' id='line_1_39' title="bbox 466 3866 2042 3942; baseline 0.003 -21"><span class='ocrx_word' id='word_1_282' title='bbox 466 3866 599 3922; x_wconf 87' lang='lat' dir='ltr'><strong>Nam</strong></span> <span class='ocrx_word' id='word_1_283' title='bbox 624 3883 691 3923; x_wconf 82' lang='lat' dir='ltr'><strong>ex</strong></span> <span class='ocrx_word' id='word_1_284' title='bbox 717 3868 832 3940; x_wconf 89' lang='lat' dir='ltr'><strong>ipsa</strong></span> <span class='ocrx_word' id='word_1_285' title='bbox 861 3869 1015 3942; x_wconf 88' lang='lat' dir='ltr'><strong>plebe</strong></span> <span class='ocrx_word' id='word_1_286' title='bbox 1065 3886 1224 3941; x_wconf 89' lang='lat' dir='ltr'><strong>quam</strong></span> <span class='ocrx_word' id='word_1_287' title='bbox 1262 3870 1364 3927; x_wconf 89' lang='lat' dir='ltr'><strong>sibi</strong></span> <span class='ocrx_word' id='word_1_288' title='bbox 1408 3867 1666 3926; x_wconf 88' lang='lat' dir='ltr'><strong>Dominus</strong></span> <span class='ocrx_word' id='word_1_289' title='bbox 1695 3871 1750 3926; x_wconf 91' lang='lat' dir='ltr'><strong>in</strong></span> <span class='ocrx_word' id='word_1_290' title='bbox 1797 3869 2042 3942; x_wconf 89' lang='lat' dir='ltr'><strong>patribus</strong></span> 
     </span>
    </p>
   </div>
   <div class='ocr_carea' id='block_1_40' title="bbox 465 3959 2043 4034">
    <p class='ocr_par' dir='ltr' id='par_1_40' title="bbox 465 3959 2043 4034">
     <span class='ocr_line' id='line_1_40' title="bbox 465 3959 2043 4034; baseline 0.001 -20"><span class='ocrx_word' id='word_1_291' title='bbox 465 3960 813 4031; x_wconf 79' lang='lat' dir='ltr'><strong>cognoscitur</strong></span> <span class='ocrx_word' id='word_1_292' title='bbox 866 3959 1134 4034; x_wconf 79' lang='lat' dir='ltr'><strong>elegisse,</strong></span> <span class='ocrx_word' id='word_1_293' title='bbox 1175 3963 1498 4018; x_wconf 84' lang='lat' dir='ltr'><strong>exstiterunt</strong></span> <span class='ocrx_word' id='word_1_294' title='bbox 1549 3961 1826 4034; x_wconf 75' lang='lat' dir='ltr'><strong>propheta:</strong></span> <span class='ocrx_word' id='word_1_295' title='bbox 1855 4003 1870 4028; x_wconf 93' lang='lat'><strong>,</strong></span> <span class='ocrx_word' id='word_1_296' title='bbox 1919 3962 2043 4016; x_wconf 89' lang='lat' dir='ltr'><strong>inde</strong></span> 
     </span>
    </p>
   </div>
   <div class='ocr_carea' id='block_1_41' title="bbox 467 4053 2041 4126">
    <p class='ocr_par' dir='ltr' id='par_1_41' title="bbox 467 4053 2041 4126">
     <span class='ocr_line' id='line_1_41' title="bbox 467 4053 2041 4126; baseline 0.001 -20"><span class='ocrx_word' id='word_1_297' title='bbox 467 4060 669 4108; x_wconf 90' lang='lat' dir='ltr'><strong>suntet</strong></span> <span class='ocrx_word' id='word_1_298' title='bbox 702 4053 929 4125; x_wconf 88' lang='lat' dir='ltr'><strong>apostoli</strong></span> <span class='ocrx_word' id='word_1_299' title='bbox 953 4063 1012 4110; x_wconf 91' lang='lat' dir='ltr'><strong>et</strong></span> <span class='ocrx_word' id='word_1_300' title='bbox 1035 4053 1188 4110; x_wconf 90' lang='lat' dir='ltr'><strong>multi</strong></span> <span class='ocrx_word' id='word_1_301' title='bbox 1215 4055 1422 4122; x_wconf 91' lang='lat' dir='ltr'><strong>ﬁdeles,</strong></span> <span class='ocrx_word' id='word_1_302' title='bbox 1449 4055 1540 4126; x_wconf 90' lang='lat' dir='ltr'><strong>qui</strong></span> <span class='ocrx_word' id='word_1_303' title='bbox 1578 4054 1806 4110; x_wconf 89' lang='lat' dir='ltr'><strong>Domino</strong></span> <span class='ocrx_word' id='word_1_304' title='bbox 1831 4054 2041 4109; x_wconf 90' lang='lat' dir='ltr'><strong>sincera</strong></span> 
     </span>
    </p>
   </div>
   <div class='ocr_carea' id='block_1_42' title="bbox 468 4143 2040 4215">
    <p class='ocr_par' dir='ltr' id='par_1_42' title="bbox 468 4143 2040 4215">
     <span class='ocr_line' id='line_1_42' title="bbox 468 4143 2040 4215; baseline 0 -19"><span class='ocrx_word' id='word_1_305' title='bbox 468 4151 647 4198; x_wconf 90' lang='lat' dir='ltr'><strong>mente</strong></span> <span class='ocrx_word' id='word_1_306' title='bbox 679 4143 1047 4211; x_wconf 86' lang='lat' dir='ltr'><strong>crediderunt,</strong></span> <span class='ocrx_word' id='word_1_307' title='bbox 1097 4146 1236 4202; x_wconf 90' lang='lat' dir='ltr'><strong>sicut</strong></span> <span class='ocrx_word' id='word_1_308' title='bbox 1267 4146 1455 4200; x_wconf 86' lang='lat' dir='ltr'><strong>doctor</strong></span> <span class='ocrx_word' id='word_1_309' title='bbox 1501 4145 1737 4215; x_wconf 87' lang='lat' dir='ltr'><strong>gentium</strong></span> <span class='ocrx_word' id='word_1_310' title='bbox 1787 4152 2040 4207; x_wconf 85' lang='lat' dir='ltr'><strong>testatur,</strong></span> 
     </span>
    </p>
   </div>
   <div class='ocr_carea' id='block_1_43' title="bbox 466 4233 2040 4306">
    <p class='ocr_par' dir='ltr' id='par_1_43' title="bbox 466 4233 2040 4306">
     <span class='ocr_line' id='line_1_43' title="bbox 466 4233 2040 4306; baseline -0.001 -16"><span class='ocrx_word' id='word_1_311' title='bbox 466 4234 700 4290; x_wconf 88' lang='lat' dir='ltr'><strong>dicens:</strong></span> <span class='ocrx_word' id='word_1_312' title='bbox 736 4255 756 4289; x_wconf 73' lang='grc' dir='ltr'>ι</span> <span class='ocrx_word' id='word_1_313' title='bbox 791 4235 931 4303; x_wconf 89' lang='lat' dir='ltr'><strong>Quid</strong></span> <span class='ocrx_word' id='word_1_314' title='bbox 972 4236 1220 4300; x_wconf 88' lang='lat' dir='ltr'><strong>dicimus,</strong></span> <span class='ocrx_word' id='word_1_315' title='bbox 1262 4235 1492 4306; x_wconf 76' lang='lat' dir='ltr'><strong>fratres?</strong></span> <span class='ocrx_word' id='word_1_316' title='bbox 1545 4235 1796 4306; x_wconf 83' lang='lat' dir='ltr'><strong>Nunquid</strong></span> <span class='ocrx_word' id='word_1_317' title='bbox 1847 4233 2040 4306; x_wconf 85' lang='lat' dir='ltr'><strong>repulit</strong></span> 
     </span>
    </p>
   </div>
   <div class='ocr_carea' id='block_1_44' title="bbox 467 4326 2036 4401">
    <p class='ocr_par' dir='ltr' id='par_1_44' title="bbox 467 4326 2036 4401">
     <span class='ocr_line' id='line_1_44' title="bbox 467 4326 2036 4401; baseline 0 -19"><span class='ocrx_word' id='word_1_318' title='bbox 467 4326 729 4382; x_wconf 89' lang='lat' dir='ltr'><strong>Dominus</strong></span> <span class='ocrx_word' id='word_1_319' title='bbox 769 4328 980 4398; x_wconf 84' lang='lat' dir='ltr'><strong>plebem</strong></span> <span class='ocrx_word' id='word_1_320' title='bbox 1030 4344 1182 4384; x_wconf 89' lang='lat' dir='ltr'><strong>suam</strong></span> <span class='ocrx_word' id='word_1_321' title='bbox 1213 4369 1229 4396; x_wconf 91' lang='lat'><strong>,</strong></span> <span class='ocrx_word' id='word_1_322' title='bbox 1275 4346 1436 4401; x_wconf 89' lang='lat' dir='ltr'><strong>quam</strong></span> <span class='ocrx_word' id='word_1_323' title='bbox 1483 4329 1789 4400; x_wconf 66' lang='lat' dir='ltr'><strong>praescivit?</strong></span> <span class='ocrx_word' id='word_1_324' title='bbox 1838 4329 2036 4384; x_wconf 79' lang='lat' dir='ltr'><strong>Absit:</strong></span> 
     </span>
    </p>
   </div>
   <div class='ocr_carea' id='block_1_45' title="bbox 467 4415 2034 4488">
    <p class='ocr_par' dir='ltr' id='par_1_45' title="bbox 467 4415 2034 4488">
     <span class='ocr_line' id='line_1_45' title="bbox 467 4415 2034 4488; baseline 0.002 -16"><span class='ocrx_word' id='word_1_325' title='bbox 467 4432 594 4472; x_wconf 90' lang='lat' dir='ltr'><strong>nam</strong></span> <span class='ocrx_word' id='word_1_326' title='bbox 644 4426 698 4472; x_wconf 89' lang='lat' dir='ltr'><strong>et</strong></span> <span class='ocrx_word' id='word_1_327' title='bbox 745 4433 844 4488; x_wconf 88' lang='lat' dir='ltr'><strong>ego</strong></span> <span class='ocrx_word' id='word_1_328' title='bbox 895 4415 1138 4474; x_wconf 82' lang='lat' dir='ltr'><strong>Israelita</strong></span> <span class='ocrx_word' id='word_1_329' title='bbox 1183 4434 1302 4475; x_wconf 89' lang='lat' dir='ltr'><strong>sum</strong></span> <span class='ocrx_word' id='word_1_330' title='bbox 1357 4436 1424 4474; x_wconf 85' lang='lat' dir='ltr'><strong>ex</strong></span> <span class='ocrx_word' id='word_1_331' title='bbox 1473 4420 1677 4475; x_wconf 88' lang='lat' dir='ltr'><strong>semine</strong></span> <span class='ocrx_word' id='word_1_332' title='bbox 1731 4419 2034 4486; x_wconf 80' lang='lat' dir='ltr'><strong>Abraham,</strong></span> 
     </span>
    </p>
   </div>
   <div class='ocr_carea' id='block_1_46' title="bbox 469 4481 2118 4584">
    <p class='ocr_par' dir='ltr' id='par_1_46' title="bbox 469 4481 2118 4584">
     <span class='ocr_line' id='line_1_46' title="bbox 469 4481 2118 4584; baseline 0.002 -21"><span class='ocrx_word' id='word_1_333' title='bbox 469 4508 537 4563; x_wconf 90' lang='lat' dir='ltr'><strong>de</strong></span> <span class='ocrx_word' id='word_1_334' title='bbox 577 4505 716 4563; x_wconf 87' lang='lat' dir='ltr'><strong>tribu</strong></span> <span class='ocrx_word' id='word_1_335' title='bbox 749 4481 1051 4578; x_wconf 53' lang='lat' dir='ltr'><strong>lienjamin,</strong></span> <span class='ocrx_word' id='word_1_336' title='bbox 1087 4516 1189 4564; x_wconf 89' lang='lat' dir='ltr'><strong>etc.</strong></span> <span class='ocrx_word' id='word_1_337' title='bbox 1229 4529 1248 4561; x_wconf 75' lang='grc' dir='ltr'><strong><em>ι</em></strong></span> <span class='ocrx_word' id='word_1_338' title='bbox 1286 4508 1458 4584; x_wconf 84' lang='lat' dir='ltr'><strong>(Rom.</strong></span> <span class='ocrx_word' id='word_1_339' title='bbox 1489 4507 1590 4581; x_wconf 78' lang='lat' dir='ltr'><strong>xl.)</strong></span> <span class='ocrx_word' id='word_1_340' title='bbox 1627 4505 1734 4566; x_wconf 89' lang='lat' dir='ltr'><strong>Sed</strong></span> <span class='ocrx_word' id='word_1_341' title='bbox 1763 4511 1903 4565; x_wconf 90' lang='lat' dir='ltr'><strong>unde</strong></span> <span class='ocrx_word' id='word_1_342' title='bbox 1925 4481 2042 4582; x_wconf 84' lang='lat' dir='ltr'><strong>ejus</strong></span> <span class='ocrx_word' id='word_1_343' title='bbox 2068 4481 2118 4553; x_wconf 59' lang='grc' dir='ltr'>Π</span> 
     </span>
    </p>
   </div>
   <div class='ocr_carea' id='block_1_47' title="bbox 468 4599 2036 4674">
    <p class='ocr_par' dir='ltr' id='par_1_47' title="bbox 468 4599 2036 4674">
     <span class='ocr_line' id='line_1_47' title="bbox 468 4599 2036 4674; baseline 0.001 -19"><span class='ocrx_word' id='word_1_344' title='bbox 468 4614 598 4656; x_wconf 84' lang='lat' dir='ltr'><strong>vera</strong></span> <span class='ocrx_word' id='word_1_345' title='bbox 625 4599 772 4656; x_wconf 86' lang='lat' dir='ltr'><strong>salus</strong></span> <span class='ocrx_word' id='word_1_346' title='bbox 797 4599 1084 4672; x_wconf 89' lang='lat' dir='ltr'><strong>provenire</strong></span> <span class='ocrx_word' id='word_1_347' title='bbox 1105 4601 1292 4671; x_wconf 84' lang='lat' dir='ltr'><strong>possit,</strong></span> <span class='ocrx_word' id='word_1_348' title='bbox 1319 4601 1688 4674; x_wconf 86' lang='lat' dir='ltr'><strong>subjungendo</strong></span> <span class='ocrx_word' id='word_1_349' title='bbox 1707 4599 2036 4658; x_wconf 81' lang='lat' dir='ltr'><strong>manifestat.</strong></span> 
     </span>
    </p>
   </div>
   <div class='ocr_carea' id='block_1_48' title="bbox 545 4701 2037 4778">
    <p class='ocr_par' dir='ltr' id='par_1_48' title="bbox 545 4701 2037 4778">
     <span class='ocr_line' id='line_1_48' title="bbox 545 4701 2037 4778; baseline 0.001 -12"><span class='ocrx_word' id='word_1_350' title='bbox 545 4731 565 4766; x_wconf 73' lang='grc' dir='ltr'><strong><em>ι</em></strong></span> <span class='ocrx_word' id='word_1_351' title='bbox 606 4711 872 4769; x_wconf 86' lang='lat' dir='ltr'><strong>Converte</strong></span> <span class='ocrx_word' id='word_1_352' title='bbox 896 4701 1017 4778; x_wconf 80' lang='lat' dir='ltr'><strong>nes,</strong></span> <span class='ocrx_word' id='word_1_353' title='bbox 1047 4710 1292 4778; x_wconf 87' lang='lat' dir='ltr'><strong>Domine,</strong></span> <span class='ocrx_word' id='word_1_354' title='bbox 1332 4713 1403 4770; x_wconf 90' lang='lat' dir='ltr'><strong>ad</strong></span> <span class='ocrx_word' id='word_1_355' title='bbox 1441 4720 1514 4778; x_wconf 88' lang='lat' dir='ltr'><strong>te,</strong></span> <span class='ocrx_word' id='word_1_356' title='bbox 1553 4719 1610 4770; x_wconf 88' lang='lat' dir='ltr'><strong>et</strong></span> <span class='ocrx_word' id='word_1_357' title='bbox 1637 4721 2037 4778; x_wconf 71' lang='lat' dir='ltr'><strong>comet-temur,</strong></span> 
     </span>
    </p>
   </div>
   <div class='ocr_carea' id='block_1_49' title="bbox 474 4801 2038 4872">
    <p class='ocr_par' dir='ltr' id='par_1_49' title="bbox 474 4801 2038 4872">
     <span class='ocr_line' id='line_1_49' title="bbox 474 4801 2038 4872; baseline 0.001 -16"><span class='ocrx_word' id='word_1_358' title='bbox 474 4821 493 4856; x_wconf 84' lang='grc'><strong>‹</strong></span> <span class='ocrx_word' id='word_1_359' title='bbox 531 4802 723 4857; x_wconf 82' lang='lat' dir='ltr'><strong>innova</strong></span> <span class='ocrx_word' id='word_1_360' title='bbox 777 4802 890 4859; x_wconf 79' lang='lat' dir='ltr'><strong>dies</strong></span> <span class='ocrx_word' id='word_1_361' title='bbox 939 4812 1155 4858; x_wconf 88' lang='lat' dir='ltr'><strong>nostros</strong></span> <span class='ocrx_word' id='word_1_362' title='bbox 1201 4801 1418 4857; x_wconf 76' lang='lat' dir='ltr'><strong>sicut‘a</strong></span> <span class='ocrx_word' id='word_1_363' title='bbox 1453 4802 1744 4872; x_wconf 85' lang='lat' dir='ltr'><strong>principio.</strong></span> <span class='ocrx_word' id='word_1_364' title='bbox 1795 4820 1816 4854; x_wconf 78' lang='grc' dir='ltr'><strong><em>ι</em></strong></span> <span class='ocrx_word' id='word_1_365' title='bbox 1865 4802 2038 4870; x_wconf 87' lang='lat' dir='ltr'><strong>Quem</strong></span> 
     </span>
    </p>
   </div>
   <div class='ocr_carea' id='block_1_50' title="bbox 467 4891 2036 4959">
    <p class='ocr_par' dir='ltr' id='par_1_50' title="bbox 467 4891 2036 4959">
     <span class='ocr_line' id='line_1_50' title="bbox 467 4891 2036 4959; baseline 0.001 -14"><span class='ocrx_word' id='word_1_366' title='bbox 467 4891 613 4946; x_wconf 90' lang='lat' dir='ltr'><strong>enim</strong></span> <span class='ocrx_word' id='word_1_367' title='bbox 640 4892 898 4946; x_wconf 91' lang='lat' dir='ltr'><strong>Dominus</strong></span> <span class='ocrx_word' id='word_1_368' title='bbox 924 4891 1268 4959; x_wconf 85' lang='lat' dir='ltr'><strong>converterit,</strong></span> <span class='ocrx_word' id='word_1_369' title='bbox 1292 4891 1380 4946; x_wconf 73' lang='lat' dir='ltr'><strong>ilic</strong></span> <span class='ocrx_word' id='word_1_370' title='bbox 1408 4892 1675 4948; x_wconf 83' lang='lat' dir='ltr'><strong>veraciter</strong></span> <span class='ocrx_word' id='word_1_371' title='bbox 1699 4891 1877 4948; x_wconf 81' lang='lat' dir='ltr'><strong>salvus</strong></span> <span class='ocrx_word' id='word_1_372' title='bbox 1907 4893 2036 4957; x_wconf 89' lang='lat' dir='ltr'><strong>erit,</strong></span> 
     </span>
    </p>
   </div>
   <div class='ocr_carea' id='block_1_51' title="bbox 471 4981 2034 5054">
    <p class='ocr_par' dir='ltr' id='par_1_51' title="bbox 471 4981 2034 5054">
     <span class='ocr_line' id='line_1_51' title="bbox 471 4981 2034 5054; baseline 0 -20"><span class='ocrx_word' id='word_1_373' title='bbox 471 4997 631 5052; x_wconf 88' lang='lat' dir='ltr'><strong>quem</strong></span> <span class='ocrx_word' id='word_1_374' title='bbox 657 4991 838 5038; x_wconf 88' lang='lat' dir='ltr'><strong>autem</strong></span> <span class='ocrx_word' id='word_1_375' title='bbox 861 4981 951 5036; x_wconf 91' lang='lat' dir='ltr'><strong>ille</strong></span> <span class='ocrx_word' id='word_1_376' title='bbox 984 4981 1310 5052; x_wconf 77' lang='lat' dir='ltr'><strong>despexerit,</strong></span> <span class='ocrx_word' id='word_1_377' title='bbox 1337 4996 1498 5037; x_wconf 90' lang='lat' dir='ltr'><strong>nemo</strong></span> <span class='ocrx_word' id='word_1_378' title='bbox 1517 4983 1790 5054; x_wconf 76' lang='lat' dir='ltr'><strong>corrigere</strong></span> <span class='ocrx_word' id='word_1_379' title='bbox 1816 4983 2034 5051; x_wconf 86' lang='lat' dir='ltr'><strong>poterit.</strong></span> 
     </span>
    </p>
   </div>
   <div class='ocr_carea' id='block_1_52' title="bbox 473 5073 2036 5146">
    <p class='ocr_par' dir='ltr' id='par_1_52' title="bbox 473 5073 2036 5146">
     <span class='ocr_line' id='line_1_52' title="bbox 473 5073 2036 5146; baseline 0.004 -22"><span class='ocrx_word' id='word_1_380' title='bbox 473 5073 626 5140; x_wconf 84' lang='lat' dir='ltr'><strong>Quod</strong></span> <span class='ocrx_word' id='word_1_381' title='bbox 649 5085 828 5130; x_wconf 89' lang='lat' dir='ltr'><strong>autem</strong></span> <span class='ocrx_word' id='word_1_382' title='bbox 856 5075 1026 5132; x_wconf 85' lang='lat' dir='ltr'><strong>dicit:</strong></span> <span class='ocrx_word' id='word_1_383' title='bbox 1059 5075 1252 5130; x_wconf 79' lang='lat' dir='ltr'><strong>innova</strong></span> <span class='ocrx_word' id='word_1_384' title='bbox 1297 5075 1412 5131; x_wconf 78' lang='lat' dir='ltr'><strong>dies</strong></span> <span class='ocrx_word' id='word_1_385' title='bbox 1437 5084 1656 5131; x_wconf 85' lang='lat' dir='ltr'><strong>nostros</strong></span> <span class='ocrx_word' id='word_1_386' title='bbox 1675 5077 1815 5131; x_wconf 91' lang='lat' dir='ltr'><strong>sicut</strong></span> <span class='ocrx_word' id='word_1_387' title='bbox 1835 5092 1864 5130; x_wconf 87' lang='lat' dir='ltr'><strong>a</strong></span> <span class='ocrx_word' id='word_1_388' title='bbox 1885 5077 2036 5146; x_wconf 85' lang='lat' dir='ltr'><strong>prin-</strong></span> 
     </span>
    </p>
   </div>
   <div class='ocr_carea' id='block_1_53' title="bbox 473 5162 2039 5236">
    <p class='ocr_par' dir='ltr' id='par_1_53' title="bbox 473 5162 2039 5236">
     <span class='ocr_line' id='line_1_53' title="bbox 473 5162 2039 5236; baseline 0.003 -18"><span class='ocrx_word' id='word_1_389' title='bbox 473 5162 634 5230; x_wconf 85' lang='lat' dir='ltr'><strong>cipio,</strong></span> <span class='ocrx_word' id='word_1_390' title='bbox 668 5165 776 5220; x_wconf 80' lang='lat' dir='ltr'><strong>hoc</strong></span> <span class='ocrx_word' id='word_1_391' title='bbox 807 5165 1083 5234; x_wconf 85' lang='lat' dir='ltr'><strong>postulare</strong></span> <span class='ocrx_word' id='word_1_392' title='bbox 1135 5167 1349 5220; x_wconf 83' lang='lat' dir='ltr'><strong>videtur</strong></span> <span class='ocrx_word' id='word_1_393' title='bbox 1376 5203 1392 5230; x_wconf 95' lang='lat'><strong>,</strong></span> <span class='ocrx_word' id='word_1_394' title='bbox 1429 5173 1488 5219; x_wconf 90' lang='lat' dir='ltr'><strong>ut</strong></span> <span class='ocrx_word' id='word_1_395' title='bbox 1545 5165 1682 5221; x_wconf 81' lang='lat' dir='ltr'><strong>sicut</strong></span> <span class='ocrx_word' id='word_1_396' title='bbox 1711 5181 1740 5219; x_wconf 85' lang='lat' dir='ltr'><strong>a</strong></span> <span class='ocrx_word' id='word_1_397' title='bbox 1773 5166 2039 5236; x_wconf 86' lang='lat' dir='ltr'><strong>principio</strong></span> 
     </span>
    </p>
   </div>
   <div class='ocr_carea' id='block_1_54' title="bbox 474 5252 2037 5323">
    <p class='ocr_par' dir='ltr' id='par_1_54' title="bbox 474 5252 2037 5323">
     <span class='ocr_line' id='line_1_54' title="bbox 474 5252 2037 5323; baseline 0.004 -19"><span class='ocrx_word' id='word_1_398' title='bbox 474 5252 680 5321; x_wconf 88' lang='lat' dir='ltr'><strong>primos</strong></span> <span class='ocrx_word' id='word_1_399' title='bbox 703 5255 1044 5322; x_wconf 86' lang='lat' dir='ltr'><strong>patriarchas</strong></span> <span class='ocrx_word' id='word_1_400' title='bbox 1063 5271 1272 5322; x_wconf 90' lang='lat' dir='ltr'><strong>eorum,</strong></span> <span class='ocrx_word' id='word_1_401' title='bbox 1288 5254 1562 5310; x_wconf 81' lang='lat' dir='ltr'><strong>Abraham</strong></span> <span class='ocrx_word' id='word_1_402' title='bbox 1579 5256 1845 5322; x_wconf 86' lang='lat' dir='ltr'><strong>videlicet,</strong></span> <span class='ocrx_word' id='word_1_403' title='bbox 1870 5256 2037 5323; x_wconf 88' lang='lat' dir='ltr'><strong>lsaac,</strong></span> 
     </span>
    </p>
   </div>
   <div class='ocr_carea' id='block_1_55' title="bbox 475 5339 2039 5415">
    <p class='ocr_par' dir='ltr' id='par_1_55' title="bbox 475 5339 2039 5415">
     <span class='ocr_line' id='line_1_55' title="bbox 475 5339 2039 5415; baseline 0.006 -18"><span class='ocrx_word' id='word_1_404' title='bbox 475 5353 532 5397; x_wconf 87' lang='lat' dir='ltr'><strong>et</strong></span> <span class='ocrx_word' id='word_1_405' title='bbox 557 5339 744 5408; x_wconf 76' lang='lat' dir='ltr'><strong>Jacob,</strong></span> <span class='ocrx_word' id='word_1_406' title='bbox 775 5346 933 5415; x_wconf 89' lang='lat' dir='ltr'><strong>plena</strong></span> <span class='ocrx_word' id='word_1_407' title='bbox 968 5346 1072 5402; x_wconf 87' lang='lat' dir='ltr'><strong>ﬁde</strong></span> <span class='ocrx_word' id='word_1_408' title='bbox 1110 5360 1163 5403; x_wconf 89' lang='lat' dir='ltr'><strong>et</strong></span> <span class='ocrx_word' id='word_1_409' title='bbox 1181 5349 1472 5406; x_wconf 80' lang='lat' dir='ltr'><strong>dilectione</strong></span> <span class='ocrx_word' id='word_1_410' title='bbox 1497 5351 1600 5406; x_wconf 88' lang='lat' dir='ltr'><strong>sibi</strong></span> <span class='ocrx_word' id='word_1_411' title='bbox 1651 5351 1784 5406; x_wconf 71' lang='lat' dir='ltr'><strong>fecit</strong></span> <span class='ocrx_word' id='word_1_412' title='bbox 1803 5366 1924 5408; x_wconf 88' lang='lat' dir='ltr'><strong>esse</strong></span> <span class='ocrx_word' id='word_1_413' title='bbox 1944 5351 2039 5406; x_wconf 86' lang='lat' dir='ltr'><strong>de-</strong></span> 
     </span>
    </p>
   </div>
   <div class='ocr_carea' id='block_1_56' title="bbox 473 5433 2038 5508">
    <p class='ocr_par' dir='ltr' id='par_1_56' title="bbox 473 5433 2038 5508">
     <span class='ocr_line' id='line_1_56' title="bbox 473 5433 2038 5508; baseline 0.008 -22"><span class='ocrx_word' id='word_1_414' title='bbox 473 5440 648 5498; x_wconf 86' lang='lat' dir='ltr'><strong>votos,</strong></span> <span class='ocrx_word' id='word_1_415' title='bbox 702 5433 774 5488; x_wconf 86' lang='lat' dir='ltr'><strong>ita</strong></span> <span class='ocrx_word' id='word_1_416' title='bbox 815 5443 870 5489; x_wconf 88' lang='lat' dir='ltr'><strong>et</strong></span> <span class='ocrx_word' id='word_1_417' title='bbox 912 5437 1056 5508; x_wconf 83' lang='lat' dir='ltr'><strong>ipsos</strong></span> <span class='ocrx_word' id='word_1_418' title='bbox 1087 5440 1277 5496; x_wconf 84' lang='lat' dir='ltr'><strong>eodem</strong></span> <span class='ocrx_word' id='word_1_419' title='bbox 1323 5457 1548 5498; x_wconf 86' lang='lat' dir='ltr'><strong>munere</strong></span> <span class='ocrx_word' id='word_1_420' title='bbox 1604 5441 1705 5498; x_wconf 83' lang='lat' dir='ltr'><strong>sibi</strong></span> <span class='ocrx_word' id='word_1_421' title='bbox 1745 5441 1930 5498; x_wconf 88' lang='lat' dir='ltr'><strong>ﬁdeles</strong></span> <span class='ocrx_word' id='word_1_422' title='bbox 1970 5458 2038 5498; x_wconf 88' lang='lat' dir='ltr'><strong>ac</strong></span> 
     </span>
    </p>
   </div>
   <div class='ocr_carea' id='block_1_57' title="bbox 472 5524 2040 5603">
    <p class='ocr_par' dir='ltr' id='par_1_57' title="bbox 472 5524 2040 5603">
     <span class='ocr_line' id='line_1_57' title="bbox 472 5524 2040 5603; baseline 0.006 -25"><span class='ocrx_word' id='word_1_423' title='bbox 472 5525 695 5580; x_wconf 82' lang='lat' dir='ltr'><strong>devotos</strong></span> <span class='ocrx_word' id='word_1_424' title='bbox 720 5524 902 5582; x_wconf 82' lang='lat' dir='ltr'><strong>facere</strong></span> <span class='ocrx_word' id='word_1_425' title='bbox 926 5529 1190 5598; x_wconf 79' lang='lat' dir='ltr'><strong>dignetur.</strong></span> <span class='ocrx_word' id='word_1_426' title='bbox 1223 5529 1375 5598; x_wconf 85' lang='lat' dir='ltr'><strong>Quod</strong></span> <span class='ocrx_word' id='word_1_427' title='bbox 1415 5533 1468 5587; x_wconf 90' lang='lat' dir='ltr'><strong>in</strong></span> <span class='ocrx_word' id='word_1_428' title='bbox 1509 5534 1742 5590; x_wconf 87' lang='lat' dir='ltr'><strong>adventu</strong></span> <span class='ocrx_word' id='word_1_429' title='bbox 1774 5532 1902 5588; x_wconf 83' lang='lat' dir='ltr'><strong>Eliae</strong></span> <span class='ocrx_word' id='word_1_430' title='bbox 1942 5549 2040 5603; x_wconf 81' lang='lat' dir='ltr'><strong>per</strong></span> 
     </span>
    </p>
   </div>
   <div class='ocr_carea' id='block_1_58' title="bbox 477 5615 2054 5695">
    <p class='ocr_par' dir='ltr' id='par_1_58' title="bbox 477 5615 2054 5695">
     <span class='ocr_line' id='line_1_58' title="bbox 477 5615 2054 5695; baseline 0.005 -23"><span class='ocrx_word' id='word_1_431' title='bbox 477 5615 795 5674; x_wconf 72' lang='lat' dir='ltr'><strong>lialaehiam</strong></span> <span class='ocrx_word' id='word_1_432' title='bbox 847 5620 1161 5690; x_wconf 86' lang='lat' dir='ltr'><strong>prophetam</strong></span> <span class='ocrx_word' id='word_1_433' title='bbox 1184 5621 1289 5678; x_wconf 88' lang='lat' dir='ltr'><strong>illis</strong></span> <span class='ocrx_word' id='word_1_434' title='bbox 1309 5624 1632 5694; x_wconf 80' lang='lat' dir='ltr'><strong>promissum</strong></span> <span class='ocrx_word' id='word_1_435' title='bbox 1654 5640 1774 5682; x_wconf 78' lang='lat' dir='ltr'><strong>esse</strong></span> <span class='ocrx_word' id='word_1_436' title='bbox 1797 5624 2054 5695; x_wconf 87' lang='lat' dir='ltr'><strong>plerique.</strong></span> 
     </span>
    </p>
   </div>
   <div class='ocr_carea' id='block_1_59' title="bbox 477 5713 2042 5792">
    <p class='ocr_par' dir='ltr' id='par_1_59' title="bbox 477 5713 2042 5792">
     <span class='ocr_line' id='line_1_59' title="bbox 477 5713 2042 5792; baseline 0.006 -22"><span class='ocrx_word' id='word_1_437' title='bbox 477 5713 830 5782; x_wconf 78' lang='lat' dir='ltr'><strong>arbitrantur,</strong></span> <span class='ocrx_word' id='word_1_438' title='bbox 875 5714 968 5775; x_wconf 85' lang='lat' dir='ltr'><strong>ubi</strong></span> <span class='ocrx_word' id='word_1_439' title='bbox 1003 5714 1236 5778; x_wconf 79' lang='lat' dir='ltr'><strong>dicitur:</strong></span> <span class='ocrx_word' id='word_1_440' title='bbox 1273 5737 1292 5771; x_wconf 81' lang='grc' dir='ltr'>ι</span> <span class='ocrx_word' id='word_1_441' title='bbox 1329 5718 1466 5778; x_wconf 80' lang='lat' dir='ltr'><strong>Ecce</strong></span> <span class='ocrx_word' id='word_1_442' title='bbox 1503 5733 1604 5792; x_wconf 72' lang='lat' dir='ltr'><strong>ego</strong></span> <span class='ocrx_word' id='word_1_443' title='bbox 1628 5721 1836 5780; x_wconf 74' lang='lat' dir='ltr'><strong>mittam</strong></span> <span class='ocrx_word' id='word_1_444' title='bbox 1887 5719 2042 5780; x_wconf 80' lang='lat' dir='ltr'><strong>vobis</strong></span> 
     </span>
    </p>
   </div>
   <div class='ocr_carea' id='block_1_60' title="bbox 1103 263 3078 330">
    <p class='ocr_par' dir='ltr' id='par_1_60' title="bbox 1103 263 3078 330">
     <span class='ocr_line' id='line_1_60' title="bbox 1103 263 3078 330; baseline -0.003 -4"><span class='ocrx_word' id='word_1_445' title='bbox 1103 271 1166 326; x_wconf 88' lang='grc' dir='ltr'><strong>Β.</strong></span> <span class='ocrx_word' id='word_1_446' title='bbox 1203 269 1458 327; x_wconf 79' lang='lat' dir='ltr'><strong>RABANI</strong></span> <span class='ocrx_word' id='word_1_447' title='bbox 1495 269 1714 328; x_wconf 79' lang='lat' dir='ltr'><strong>MAURI</strong></span> <span class='ocrx_word' id='word_1_448' title='bbox 1749 267 2070 330; x_wconf 74' lang='lat' dir='ltr'><strong>ABClllEP.</strong></span> <span class='ocrx_word' id='word_1_449' title='bbox 2109 265 2417 327; x_wconf 76' lang='lat' dir='ltr'><strong>MOGUNT.</strong></span> <span class='ocrx_word' id='word_1_450' title='bbox 2455 264 2739 325; x_wconf 69' lang='lat' dir='ltr'><strong>OPERUM</strong></span> <span class='ocrx_word' id='word_1_451' title='bbox 2774 263 2953 321; x_wconf 78' lang='lat' dir='ltr'><strong>PARS</strong></span> <span class='ocrx_word' id='word_1_452' title='bbox 2989 263 3078 320; x_wconf 85' lang='lat' dir='ltr'><strong>Ill.</strong></span> 
     </span>
    </p>
   </div>
   <div class='ocr_carea' id='block_1_61' title="bbox 3593 262 3776 319">
    <p class='ocr_par' dir='ltr' id='par_1_61' title="bbox 3593 262 3776 319">
     <span class='ocr_line' id='line_1_61' title="bbox 3593 262 3776 319; baseline 0 0"><span class='ocrx_word' id='word_1_453' title='bbox 3593 262 3776 319; x_wconf 59' lang='lat' dir='ltr'><strong>sane</strong></span> 
     </span>
    </p>
   </div>
   <div class='ocr_carea' id='block_1_62' title="bbox 2146 381 3769 454">
    <p class='ocr_par' dir='ltr' id='par_1_62' title="bbox 2146 381 3769 454">
     <span class='ocr_line' id='line_1_62' title="bbox 2146 381 3769 454; baseline 0 -15"><span class='ocrx_word' id='word_1_454' title='bbox 2146 383 2314 439; x_wconf 83' lang='lat' dir='ltr'><strong>Eliam</strong></span> <span class='ocrx_word' id='word_1_455' title='bbox 2371 383 2690 454; x_wconf 86' lang='lat' dir='ltr'><strong>prophetam</strong></span> <span class='ocrx_word' id='word_1_456' title='bbox 2715 423 2730 450; x_wconf 91' lang='lat'><strong>,</strong></span> <span class='ocrx_word' id='word_1_457' title='bbox 2775 391 3065 453; x_wconf 82' lang='lat' dir='ltr'><strong>antequam</strong></span> <span class='ocrx_word' id='word_1_458' title='bbox 3110 383 3296 440; x_wconf 79' lang='lat' dir='ltr'><strong>veniat</strong></span> <span class='ocrx_word' id='word_1_459' title='bbox 3331 382 3458 442; x_wconf 68' lang='lat' dir='ltr'><strong>dies</strong></span> <span class='ocrx_word' id='word_1_460' title='bbox 3509 381 3769 440; x_wconf 72' lang='lat' dir='ltr'><strong>Domini</strong></span> 
     </span>
    </p>
   </div>
   <div class='ocr_carea' id='block_1_63' title="bbox 2039 472 3769 550">
    <p class='ocr_par' dir='ltr' id='par_1_63' title="bbox 2039 472 3769 550">
     <span class='ocr_line' id='line_1_63' title="bbox 2039 472 3769 550; baseline 0 -22"><span class='ocrx_word' id='word_1_461' title='bbox 2039 494 2052 508; x_wconf 78' lang='grc' dir='ltr'><strong><em>ο</em></strong></span> <span class='ocrx_word' id='word_1_462' title='bbox 2143 489 2370 544; x_wconf 83' lang='lat' dir='ltr'><strong>magnus</strong></span> <span class='ocrx_word' id='word_1_463' title='bbox 2408 481 2461 528; x_wconf 91' lang='lat' dir='ltr'><strong>et</strong></span> <span class='ocrx_word' id='word_1_464' title='bbox 2499 472 2793 538; x_wconf 86' lang='lat' dir='ltr'><strong>horribilis,</strong></span> <span class='ocrx_word' id='word_1_465' title='bbox 2843 481 2899 530; x_wconf 90' lang='lat' dir='ltr'><strong>et</strong></span> <span class='ocrx_word' id='word_1_466' title='bbox 2944 479 3221 528; x_wconf 84' lang='lat' dir='ltr'><strong>convertet</strong></span> <span class='ocrx_word' id='word_1_467' title='bbox 3271 487 3370 528; x_wconf 83' lang='lat' dir='ltr'><strong>cor</strong></span> <span class='ocrx_word' id='word_1_468' title='bbox 3407 482 3656 550; x_wconf 71' lang='lat' dir='ltr'><strong>patrum</strong></span> <span class='ocrx_word' id='word_1_469' title='bbox 3685 474 3769 528; x_wconf 80' lang='lat' dir='ltr'><strong>ad</strong></span> 
     </span>
    </p>
   </div>
   <div class='ocr_carea' id='block_1_64' title="bbox 2144 565 3766 642">
    <p class='ocr_par' dir='ltr' id='par_1_64' title="bbox 2144 565 3766 642">
     <span class='ocr_line' id='line_1_64' title="bbox 2144 565 3766 642; baseline 0.001 -20"><span class='ocrx_word' id='word_1_470' title='bbox 2144 567 2302 634; x_wconf 91' lang='lat' dir='ltr'><strong>ﬁlios,</strong></span> <span class='ocrx_word' id='word_1_471' title='bbox 2365 575 2421 622; x_wconf 92' lang='lat' dir='ltr'><strong>et</strong></span> <span class='ocrx_word' id='word_1_472' title='bbox 2465 583 2562 622; x_wconf 90' lang='lat' dir='ltr'><strong>cor</strong></span> <span class='ocrx_word' id='word_1_473' title='bbox 2603 566 2836 624; x_wconf 89' lang='lat' dir='ltr'><strong>ﬁliorum</strong></span> <span class='ocrx_word' id='word_1_474' title='bbox 2868 565 2937 620; x_wconf 90' lang='lat' dir='ltr'><strong>ad</strong></span> <span class='ocrx_word' id='word_1_475' title='bbox 2961 573 3156 642; x_wconf 78' lang='lat' dir='ltr'><strong>patres</strong></span> <span class='ocrx_word' id='word_1_476' title='bbox 3197 579 3414 634; x_wconf 72' lang='lat' dir='ltr'><strong>eorum,</strong></span> <span class='ocrx_word' id='word_1_477' title='bbox 3461 581 3539 628; x_wconf 71' lang='lat' dir='ltr'><strong>ne</strong></span> <span class='ocrx_word' id='word_1_478' title='bbox 3589 565 3766 623; x_wconf 70' lang='lat' dir='ltr'><strong>forte</strong></span> 
     </span>
    </p>
   </div>
   <div class='ocr_carea' id='block_1_65' title="bbox 2143 657 3758 732">
    <p class='ocr_par' dir='ltr' id='par_1_65' title="bbox 2143 657 3758 732">
     <span class='ocr_line' id='line_1_65' title="bbox 2143 657 3758 732; baseline -0.001 -17"><span class='ocrx_word' id='word_1_479' title='bbox 2143 661 2356 715; x_wconf 87' lang='lat' dir='ltr'><strong>veniam</strong></span> <span class='ocrx_word' id='word_1_480' title='bbox 2385 667 2440 716; x_wconf 87' lang='lat' dir='ltr'><strong>et</strong></span> <span class='ocrx_word' id='word_1_481' title='bbox 2488 659 2786 730; x_wconf 87' lang='lat' dir='ltr'><strong>percutiam</strong></span> <span class='ocrx_word' id='word_1_482' title='bbox 2823 667 3026 716; x_wconf 85' lang='lat' dir='ltr'><strong>terram</strong></span> <span class='ocrx_word' id='word_1_483' title='bbox 3069 659 3416 717; x_wconf 79' lang='lat' dir='ltr'><strong>anathemate</strong></span> <span class='ocrx_word' id='word_1_484' title='bbox 3455 657 3758 732; x_wconf 60' lang='lat' dir='ltr'><strong>(Halani.</strong></span> 
     </span>
    </p>
   </div>
   <div class='ocr_carea' id='block_1_66' title="bbox 2142 748 3758 821">
    <p class='ocr_par' dir='ltr' id='par_1_66' title="bbox 2142 748 3758 821">
     <span class='ocr_line' id='line_1_66' title="bbox 2142 748 3758 821; baseline 0.001 -15"><span class='ocrx_word' id='word_1_485' title='bbox 2142 749 2238 817; x_wconf 83' lang='lat' dir='ltr'><strong>IV).</strong></span> <span class='ocrx_word' id='word_1_486' title='bbox 2272 770 2291 802; x_wconf 71' lang='grc' dir='ltr'><strong><em>ι</em></strong></span> <span class='ocrx_word' id='word_1_487' title='bbox 2321 749 2490 821; x_wconf 85' lang='lat' dir='ltr'><strong>Igitur</strong></span> <span class='ocrx_word' id='word_1_488' title='bbox 2513 757 2800 819; x_wconf 84' lang='lat' dir='ltr'><strong>antequam</strong></span> <span class='ocrx_word' id='word_1_489' title='bbox 2827 750 3009 806; x_wconf 84' lang='lat' dir='ltr'><strong>veniat</strong></span> <span class='ocrx_word' id='word_1_490' title='bbox 3044 751 3160 808; x_wconf 86' lang='lat' dir='ltr'><strong>dies</strong></span> <span class='ocrx_word' id='word_1_491' title='bbox 3204 748 3419 819; x_wconf 79' lang='lat' dir='ltr'><strong>iudicii.</strong></span> <span class='ocrx_word' id='word_1_492' title='bbox 3455 761 3522 807; x_wconf 63' lang='lat' dir='ltr'><strong>et</strong></span> <span class='ocrx_word' id='word_1_493' title='bbox 3541 767 3758 821; x_wconf 63' lang='grc' dir='ltr'><strong>ρεπιι-</strong></span> 
     </span>
    </p>
   </div>
   <div class='ocr_carea' id='block_1_67' title="bbox 2143 840 3754 906">
    <p class='ocr_par' dir='ltr' id='par_1_67' title="bbox 2143 840 3754 906">
     <span class='ocr_line' id='line_1_67' title="bbox 2143 840 3754 906; baseline 0.001 -10"><span class='ocrx_word' id='word_1_494' title='bbox 2143 841 2239 896; x_wconf 87' lang='lat' dir='ltr'><strong>tiat</strong></span> <span class='ocrx_word' id='word_1_495' title='bbox 2264 851 2459 895; x_wconf 90' lang='lat' dir='ltr'><strong>terram</strong></span> <span class='ocrx_word' id='word_1_496' title='bbox 2497 840 2860 905; x_wconf 88' lang='lat' dir='ltr'><strong>anathemate,</strong></span> <span class='ocrx_word' id='word_1_497' title='bbox 2903 841 3017 896; x_wconf 88' lang='lat' dir='ltr'><strong>sive</strong></span> <span class='ocrx_word' id='word_1_498' title='bbox 3043 841 3264 898; x_wconf 84' lang='lat' dir='ltr'><strong>omnino</strong></span> <span class='ocrx_word' id='word_1_499' title='bbox 3304 840 3388 896; x_wconf 85' lang='lat' dir='ltr'><strong>vel</strong></span> <span class='ocrx_word' id='word_1_500' title='bbox 3427 841 3650 906; x_wconf 71' lang='lat' dir='ltr'><strong>Subito.</strong></span> <span class='ocrx_word' id='word_1_501' title='bbox 3680 851 3754 898; x_wconf 76' lang='lat' dir='ltr'><strong>ut</strong></span> 
     </span>
    </p>
   </div>
   <div class='ocr_carea' id='block_1_68' title="bbox 2144 923 3745 1006">
    <p class='ocr_par' dir='ltr' id='par_1_68' title="bbox 2144 923 3745 1006">
     <span class='ocr_line' id='line_1_68' title="bbox 2144 923 3745 1006; baseline 0.004 -22"><span class='ocrx_word' id='word_1_502' title='bbox 2144 923 2495 1002; x_wconf 79' lang='lat' dir='ltr'><strong>Septuaginta</strong></span> <span class='ocrx_word' id='word_1_503' title='bbox 2519 929 2930 994; x_wconf 89' lang='lat' dir='ltr'><strong>transtulerunt,</strong></span> <span class='ocrx_word' id='word_1_504' title='bbox 2958 929 3060 992; x_wconf 86' lang='lat' dir='ltr'><strong>hoc</strong></span> <span class='ocrx_word' id='word_1_505' title='bbox 3082 929 3224 984; x_wconf 90' lang='lat' dir='ltr'><strong>enim</strong></span> <span class='ocrx_word' id='word_1_506' title='bbox 3247 927 3525 1002; x_wconf 82' lang='lat' dir='ltr'><strong>signiﬁcat</strong></span> <span class='ocrx_word' id='word_1_507' title='bbox 3539 929 3745 1006; x_wconf 66' lang='grc' dir='ltr'><strong>ἄρδιν,</strong></span> 
     </span>
    </p>
   </div>
   <div class='ocr_carea' id='block_1_69' title="bbox 2143 1021 3750 1094">
    <p class='ocr_par' dir='ltr' id='par_1_69' title="bbox 2143 1021 3750 1094">
     <span class='ocr_line' id='line_1_69' title="bbox 2143 1021 3750 1094; baseline 0.003 -19"><span class='ocrx_word' id='word_1_508' title='bbox 2143 1021 2319 1076; x_wconf 89' lang='lat' dir='ltr'><strong>mittet</strong></span> <span class='ocrx_word' id='word_1_509' title='bbox 2372 1022 2631 1077; x_wconf 88' lang='lat' dir='ltr'><strong>Dominus</strong></span> <span class='ocrx_word' id='word_1_510' title='bbox 2697 1021 2867 1076; x_wconf 89' lang='lat' dir='ltr'><strong>Eliam</strong></span> <span class='ocrx_word' id='word_1_511' title='bbox 2893 1061 2910 1088; x_wconf 94' lang='lat'><strong>,</strong></span> <span class='ocrx_word' id='word_1_512' title='bbox 2974 1022 3066 1094; x_wconf 86' lang='lat' dir='ltr'><strong>qui</strong></span> <span class='ocrx_word' id='word_1_513' title='bbox 3127 1021 3523 1093; x_wconf 81' lang='lat' dir='ltr'><strong>interpretatur</strong></span> <span class='ocrx_word' id='word_1_514' title='bbox 3589 1023 3750 1080; x_wconf 70' lang='lat' dir='ltr'><strong>Deus</strong></span> 
     </span>
    </p>
   </div>
   <div class='ocr_carea' id='block_1_70' title="bbox 2142 1113 3746 1188">
    <p class='ocr_par' dir='ltr' id='par_1_70' title="bbox 2142 1113 3746 1188">
     <span class='ocr_line' id='line_1_70' title="bbox 2142 1113 3746 1188; baseline 0.002 -20"><span class='ocrx_word' id='word_1_515' title='bbox 2142 1129 2315 1179; x_wconf 88' lang='lat' dir='ltr'><strong>meus,</strong></span> <span class='ocrx_word' id='word_1_516' title='bbox 2339 1123 2394 1169; x_wconf 91' lang='lat' dir='ltr'><strong>et</strong></span> <span class='ocrx_word' id='word_1_517' title='bbox 2413 1122 2498 1169; x_wconf 89' lang='lat' dir='ltr'><strong>est</strong></span> <span class='ocrx_word' id='word_1_518' title='bbox 2523 1113 2592 1168; x_wconf 90' lang='lat' dir='ltr'><strong>de</strong></span> <span class='ocrx_word' id='word_1_519' title='bbox 2621 1114 2814 1186; x_wconf 89' lang='lat' dir='ltr'><strong>oppido</strong></span> <span class='ocrx_word' id='word_1_520' title='bbox 2842 1113 3066 1180; x_wconf 86' lang='lat' dir='ltr'><strong>Thesbi,</strong></span> <span class='ocrx_word' id='word_1_521' title='bbox 3112 1115 3260 1188; x_wconf 83' lang='lat' dir='ltr'><strong>quod</strong></span> <span class='ocrx_word' id='word_1_522' title='bbox 3311 1116 3746 1172; x_wconf 63' lang='lat' dir='ltr'><strong>conversionem</strong></span> 
     </span>
    </p>
   </div>
   <div class='ocr_carea' id='block_1_71' title="bbox 2141 1205 3740 1278">
    <p class='ocr_par' dir='ltr' id='par_1_71' title="bbox 2141 1205 3740 1278">
     <span class='ocr_line' id='line_1_71' title="bbox 2141 1205 3740 1278; baseline 0 -16"><span class='ocrx_word' id='word_1_523' title='bbox 2141 1213 2197 1262; x_wconf 90' lang='lat' dir='ltr'><strong>et</strong></span> <span class='ocrx_word' id='word_1_524' title='bbox 2222 1205 2594 1276; x_wconf 77' lang='lat' dir='ltr'><strong>paenitentiam</strong></span> <span class='ocrx_word' id='word_1_525' title='bbox 2620 1213 2795 1270; x_wconf 83' lang='lat' dir='ltr'><strong>sonat,</strong></span> <span class='ocrx_word' id='word_1_526' title='bbox 2815 1220 3029 1262; x_wconf 87' lang='lat' dir='ltr'><strong>omnem</strong></span> <span class='ocrx_word' id='word_1_527' title='bbox 3056 1207 3444 1278; x_wconf 82' lang='lat' dir='ltr'><strong>prophetarum</strong></span> <span class='ocrx_word' id='word_1_528' title='bbox 3467 1207 3740 1272; x_wconf 79' lang='lat' dir='ltr'><strong>chorum,</strong></span> 
     </span>
    </p>
   </div>
   <div class='ocr_carea' id='block_1_72' title="bbox 2143 1296 3747 1368">
    <p class='ocr_par' dir='ltr' id='par_1_72' title="bbox 2143 1296 3747 1368">
     <span class='ocr_line' id='line_1_72' title="bbox 2143 1296 3747 1368; baseline 0.003 -17"><span class='ocrx_word' id='word_1_529' title='bbox 2143 1297 2236 1368; x_wconf 91' lang='lat' dir='ltr'><strong>qui</strong></span> <span class='ocrx_word' id='word_1_530' title='bbox 2276 1305 2558 1358; x_wconf 69' lang='lat' dir='ltr'><strong>convertat</strong></span> <span class='ocrx_word' id='word_1_531' title='bbox 2581 1312 2680 1354; x_wconf 90' lang='lat' dir='ltr'><strong>cor</strong></span> <span class='ocrx_word' id='word_1_532' title='bbox 2703 1306 2914 1368; x_wconf 87' lang='lat' dir='ltr'><strong>patrum</strong></span> <span class='ocrx_word' id='word_1_533' title='bbox 2939 1296 3005 1352; x_wconf 89' lang='lat' dir='ltr'><strong>ad</strong></span> <span class='ocrx_word' id='word_1_534' title='bbox 3047 1297 3206 1364; x_wconf 85' lang='lat' dir='ltr'><strong>ﬁlios,</strong></span> <span class='ocrx_word' id='word_1_535' title='bbox 3247 1298 3528 1354; x_wconf 76' lang='lat' dir='ltr'><strong>Abraham</strong></span> <span class='ocrx_word' id='word_1_536' title='bbox 3581 1300 3747 1356; x_wconf 80' lang='lat' dir='ltr'><strong>vide-</strong></span> 
     </span>
    </p>
   </div>
   <div class='ocr_carea' id='block_1_73' title="bbox 2142 1388 3750 1462">
    <p class='ocr_par' dir='ltr' id='par_1_73' title="bbox 2142 1388 3750 1462">
     <span class='ocr_line' id='line_1_73' title="bbox 2142 1388 3750 1462; baseline 0.002 -18"><span class='ocrx_word' id='word_1_537' title='bbox 2142 1389 2289 1456; x_wconf 88' lang='lat' dir='ltr'><strong>licet,</strong></span> <span class='ocrx_word' id='word_1_538' title='bbox 2313 1388 2488 1458; x_wconf 87' lang='lat' dir='ltr'><strong>Isaac,</strong></span> <span class='ocrx_word' id='word_1_539' title='bbox 2531 1398 2588 1446; x_wconf 92' lang='lat' dir='ltr'><strong>et</strong></span> <span class='ocrx_word' id='word_1_540' title='bbox 2625 1389 2795 1445; x_wconf 72' lang='lat' dir='ltr'><strong>Iacob</strong></span> <span class='ocrx_word' id='word_1_541' title='bbox 2821 1399 2878 1446; x_wconf 91' lang='lat' dir='ltr'><strong>et</strong></span> <span class='ocrx_word' id='word_1_542' title='bbox 2900 1391 3144 1446; x_wconf 86' lang='lat' dir='ltr'><strong>omnium</strong></span> <span class='ocrx_word' id='word_1_543' title='bbox 3179 1391 3648 1462; x_wconf 75' lang='lat' dir='ltr'><strong>patriarcharum,</strong></span> <span class='ocrx_word' id='word_1_544' title='bbox 3673 1399 3750 1448; x_wconf 85' lang='lat' dir='ltr'><strong>ut</strong></span> 
     </span>
    </p>
   </div>
   <div class='ocr_carea' id='block_1_74' title="bbox 2143 1481 3738 1552">
    <p class='ocr_par' dir='ltr' id='par_1_74' title="bbox 2143 1481 3738 1552">
     <span class='ocr_line' id='line_1_74' title="bbox 2143 1481 3738 1552; baseline 0.003 -16"><span class='ocrx_word' id='word_1_545' title='bbox 2143 1482 2366 1537; x_wconf 89' lang='lat' dir='ltr'><strong>credant</strong></span> <span class='ocrx_word' id='word_1_546' title='bbox 2391 1481 2594 1552; x_wconf 89' lang='lat' dir='ltr'><strong>posteri</strong></span> <span class='ocrx_word' id='word_1_547' title='bbox 2615 1497 2806 1538; x_wconf 88' lang='lat' dir='ltr'><strong>eorum</strong></span> <span class='ocrx_word' id='word_1_548' title='bbox 2856 1481 2910 1536; x_wconf 90' lang='lat' dir='ltr'><strong>in</strong></span> <span class='ocrx_word' id='word_1_549' title='bbox 2933 1482 3217 1538; x_wconf 82' lang='lat' dir='ltr'><strong>Dominum</strong></span> <span class='ocrx_word' id='word_1_550' title='bbox 3263 1482 3628 1550; x_wconf 69' lang='lat' dir='ltr'><strong>salvatorem,</strong></span> <span class='ocrx_word' id='word_1_551' title='bbox 3671 1485 3738 1540; x_wconf 82' lang='lat' dir='ltr'><strong>in</strong></span> 
     </span>
    </p>
   </div>
   <div class='ocr_carea' id='block_1_75' title="bbox 2143 1569 3742 1640">
    <p class='ocr_par' dir='ltr' id='par_1_75' title="bbox 2143 1569 3742 1640">
     <span class='ocr_line' id='line_1_75' title="bbox 2143 1569 3742 1640; baseline 0.004 -17"><span class='ocrx_word' id='word_1_552' title='bbox 2143 1586 2303 1640; x_wconf 87' lang='lat' dir='ltr'><strong>quem</strong></span> <span class='ocrx_word' id='word_1_553' title='bbox 2329 1581 2382 1626; x_wconf 90' lang='lat' dir='ltr'><strong>et</strong></span> <span class='ocrx_word' id='word_1_554' title='bbox 2406 1571 2482 1626; x_wconf 90' lang='lat' dir='ltr'><strong>illi</strong></span> <span class='ocrx_word' id='word_1_555' title='bbox 2513 1569 2878 1626; x_wconf 89' lang='lat' dir='ltr'><strong>crediderunt.</strong></span> <span class='ocrx_word' id='word_1_556' title='bbox 2906 1570 3176 1626; x_wconf 73' lang='lat' dir='ltr'><strong>Abraham</strong></span> <span class='ocrx_word' id='word_1_557' title='bbox 3210 1571 3358 1630; x_wconf 85' lang='lat' dir='ltr'><strong>enim</strong></span> <span class='ocrx_word' id='word_1_558' title='bbox 3413 1572 3558 1628; x_wconf 80' lang='lat' dir='ltr'><strong>vidit</strong></span> <span class='ocrx_word' id='word_1_559' title='bbox 3581 1573 3742 1630; x_wconf 73' lang='lat' dir='ltr'><strong>dicm</strong></span> 
     </span>
    </p>
   </div>
   <div class='ocr_carea' id='block_1_76' title="bbox 2143 1663 3736 1736">
    <p class='ocr_par' dir='ltr' id='par_1_76' title="bbox 2143 1663 3736 1736">
     <span class='ocr_line' id='line_1_76' title="bbox 2143 1663 3736 1736; baseline 0 -16"><span class='ocrx_word' id='word_1_560' title='bbox 2143 1665 2357 1720; x_wconf 88' lang='lat' dir='ltr'><strong>Domini</strong></span> <span class='ocrx_word' id='word_1_561' title='bbox 2382 1672 2437 1721; x_wconf 90' lang='lat' dir='ltr'><strong>et</strong></span> <span class='ocrx_word' id='word_1_562' title='bbox 2465 1665 2678 1720; x_wconf 82' lang='lat' dir='ltr'><strong>laetatus</strong></span> <span class='ocrx_word' id='word_1_563' title='bbox 2709 1672 2793 1720; x_wconf 91' lang='lat' dir='ltr'><strong>est</strong></span> <span class='ocrx_word' id='word_1_564' title='bbox 2820 1663 3038 1736; x_wconf 83' lang='lat' dir='ltr'><strong>(Joann.</strong></span> <span class='ocrx_word' id='word_1_565' title='bbox 3069 1664 3209 1736; x_wconf 79' lang='lat' dir='ltr'><strong>vin).</strong></span> <span class='ocrx_word' id='word_1_566' title='bbox 3243 1664 3376 1722; x_wconf 82' lang='lat' dir='ltr'><strong>Sive</strong></span> <span class='ocrx_word' id='word_1_567' title='bbox 3420 1679 3521 1720; x_wconf 75' lang='lat' dir='ltr'><strong>cor</strong></span> <span class='ocrx_word' id='word_1_568' title='bbox 3549 1665 3736 1736; x_wconf 74' lang='lat' dir='ltr'><strong>patris</strong></span> 
     </span>
    </p>
   </div>
   <div class='ocr_carea' id='block_1_77' title="bbox 2140 1753 3740 1824">
    <p class='ocr_par' dir='ltr' id='par_1_77' title="bbox 2140 1753 3740 1824">
     <span class='ocr_line' id='line_1_77' title="bbox 2140 1753 3740 1824; baseline 0 -14"><span class='ocrx_word' id='word_1_569' title='bbox 2140 1755 2206 1810; x_wconf 90' lang='lat' dir='ltr'><strong>ad</strong></span> <span class='ocrx_word' id='word_1_570' title='bbox 2219 1754 2385 1810; x_wconf 89' lang='lat' dir='ltr'><strong>ﬁlium</strong></span> <span class='ocrx_word' id='word_1_571' title='bbox 2406 1795 2422 1822; x_wconf 94' lang='lat'><strong>,</strong></span> <span class='ocrx_word' id='word_1_572' title='bbox 2453 1755 2504 1809; x_wconf 92' lang='lat' dir='ltr'><strong>id</strong></span> <span class='ocrx_word' id='word_1_573' title='bbox 2532 1762 2646 1822; x_wconf 90' lang='lat' dir='ltr'><strong>est,</strong></span> <span class='ocrx_word' id='word_1_574' title='bbox 2673 1770 2767 1812; x_wconf 88' lang='lat' dir='ltr'><strong>cor</strong></span> <span class='ocrx_word' id='word_1_575' title='bbox 2795 1753 2889 1810; x_wconf 86' lang='lat' dir='ltr'><strong>Dei</strong></span> <span class='ocrx_word' id='word_1_576' title='bbox 2905 1753 2972 1808; x_wconf 89' lang='lat' dir='ltr'><strong>ad</strong></span> <span class='ocrx_word' id='word_1_577' title='bbox 2986 1769 3200 1808; x_wconf 85' lang='lat' dir='ltr'><strong>omnem</strong></span> <span class='ocrx_word' id='word_1_578' title='bbox 3223 1753 3318 1824; x_wconf 88' lang='lat' dir='ltr'><strong>qui</strong></span> <span class='ocrx_word' id='word_1_579' title='bbox 3345 1753 3618 1824; x_wconf 68' lang='lat' dir='ltr'><strong>spiritum</strong></span> <span class='ocrx_word' id='word_1_580' title='bbox 3641 1755 3740 1810; x_wconf 78' lang='lat' dir='ltr'><strong>ad-</strong></span> 
     </span>
    </p>
   </div>
   <div class='ocr_carea' id='block_1_78' title="bbox 2141 1845 3742 1918">
    <p class='ocr_par' dir='ltr' id='par_1_78' title="bbox 2141 1845 3742 1918">
     <span class='ocr_line' id='line_1_78' title="bbox 2141 1845 3742 1918; baseline 0 -16"><span class='ocrx_word' id='word_1_581' title='bbox 2141 1847 2375 1918; x_wconf 90' lang='lat' dir='ltr'><strong>optionis</strong></span> <span class='ocrx_word' id='word_1_582' title='bbox 2399 1846 2689 1918; x_wconf 85' lang='lat' dir='ltr'><strong>acceperit,</strong></span> <span class='ocrx_word' id='word_1_583' title='bbox 2711 1855 2764 1902; x_wconf 91' lang='lat' dir='ltr'><strong>et</strong></span> <span class='ocrx_word' id='word_1_584' title='bbox 2787 1861 2883 1908; x_wconf 86' lang='lat' dir='ltr'><strong>cor</strong></span> <span class='ocrx_word' id='word_1_585' title='bbox 2902 1845 3134 1904; x_wconf 88' lang='lat' dir='ltr'><strong>ﬁliorum</strong></span> <span class='ocrx_word' id='word_1_586' title='bbox 3145 1845 3212 1900; x_wconf 83' lang='lat' dir='ltr'><strong>ad</strong></span> <span class='ocrx_word' id='word_1_587' title='bbox 3227 1853 3414 1916; x_wconf 87' lang='lat' dir='ltr'><strong>patres</strong></span> <span class='ocrx_word' id='word_1_588' title='bbox 3435 1861 3666 1913; x_wconf 77' lang='lat' dir='ltr'><strong>eorum,</strong></span> <span class='ocrx_word' id='word_1_589' title='bbox 3678 1857 3742 1902; x_wconf 81' lang='lat' dir='ltr'><strong>ut</strong></span> 
     </span>
    </p>
   </div>
   <div class='ocr_carea' id='block_1_79' title="bbox 2143 1939 3724 2014">
    <p class='ocr_par' dir='ltr' id='par_1_79' title="bbox 2143 1939 3724 2014">
     <span class='ocr_line' id='line_1_79' title="bbox 2143 1939 3724 2014; baseline -0.002 -17"><span class='ocrx_word' id='word_1_590' title='bbox 2143 1940 2379 1999; x_wconf 82' lang='lat' dir='ltr'><strong>etJudaei</strong></span> <span class='ocrx_word' id='word_1_591' title='bbox 2408 1949 2464 1998; x_wconf 92' lang='lat' dir='ltr'><strong>et</strong></span> <span class='ocrx_word' id='word_1_592' title='bbox 2484 1939 2800 2004; x_wconf 87' lang='lat' dir='ltr'><strong>Christiani,</strong></span> <span class='ocrx_word' id='word_1_593' title='bbox 2823 1939 2918 2014; x_wconf 85' lang='lat' dir='ltr'><strong>qui</strong></span> <span class='ocrx_word' id='word_1_594' title='bbox 2949 1954 3093 1994; x_wconf 89' lang='lat' dir='ltr'><strong>nunc</strong></span> <span class='ocrx_word' id='word_1_595' title='bbox 3116 1939 3258 1994; x_wconf 87' lang='lat' dir='ltr'><strong>inter</strong></span> <span class='ocrx_word' id='word_1_596' title='bbox 3289 1954 3352 1995; x_wconf 90' lang='lat' dir='ltr'><strong>se</strong></span> <span class='ocrx_word' id='word_1_597' title='bbox 3373 1939 3724 2009; x_wconf 72' lang='lat' dir='ltr'><strong>discrepant.</strong></span> 
     </span>
    </p>
   </div>
   <div class='ocr_carea' id='block_1_80' title="bbox 2140 2030 3730 2111">
    <p class='ocr_par' dir='ltr' id='par_1_80' title="bbox 2140 2030 3730 2111">
     <span class='ocr_line' id='line_1_80' title="bbox 2140 2030 3730 2111; baseline 0.001 -24"><span class='ocrx_word' id='word_1_598' title='bbox 2140 2033 2260 2111; x_wconf 88' lang='lat' dir='ltr'><strong>pari</strong></span> <span class='ocrx_word' id='word_1_599' title='bbox 2281 2033 2336 2087; x_wconf 90' lang='lat' dir='ltr'><strong>in</strong></span> <span class='ocrx_word' id='word_1_600' title='bbox 2357 2031 2634 2088; x_wconf 83' lang='lat' dir='ltr'><strong>Christum</strong></span> <span class='ocrx_word' id='word_1_601' title='bbox 2663 2032 2920 2106; x_wconf 81' lang='lat' dir='ltr'><strong>religione</strong></span> <span class='ocrx_word' id='word_1_602' title='bbox 2941 2031 3307 2089; x_wconf 77' lang='lat' dir='ltr'><strong>consentiant.</strong></span> <span class='ocrx_word' id='word_1_603' title='bbox 3341 2030 3500 2088; x_wconf 81' lang='lat' dir='ltr'><strong>Unde</strong></span> <span class='ocrx_word' id='word_1_604' title='bbox 3515 2032 3730 2088; x_wconf 68' lang='lat' dir='ltr'><strong>dicitur</strong></span> 
     </span>
    </p>
   </div>
   <div class='ocr_carea' id='block_1_81' title="bbox 2143 2125 3736 2200">
    <p class='ocr_par' dir='ltr' id='par_1_81' title="bbox 2143 2125 3736 2200">
     <span class='ocr_line' id='line_1_81' title="bbox 2143 2125 3736 2200; baseline -0.003 -16"><span class='ocrx_word' id='word_1_605' title='bbox 2143 2129 2210 2184; x_wconf 90' lang='lat' dir='ltr'><strong>ad</strong></span> <span class='ocrx_word' id='word_1_606' title='bbox 2253 2127 2548 2200; x_wconf 85' lang='lat' dir='ltr'><strong>apostolos,</strong></span> <span class='ocrx_word' id='word_1_607' title='bbox 2577 2127 2671 2199; x_wconf 89' lang='lat' dir='ltr'><strong>qui</strong></span> <span class='ocrx_word' id='word_1_608' title='bbox 2717 2126 3068 2184; x_wconf 82' lang='lat' dir='ltr'><strong>seminarium</strong></span> <span class='ocrx_word' id='word_1_609' title='bbox 3097 2125 3153 2180; x_wconf 89' lang='lat' dir='ltr'><strong>in</strong></span> <span class='ocrx_word' id='word_1_610' title='bbox 3209 2132 3326 2182; x_wconf 83' lang='lat' dir='ltr'><strong>tuto</strong></span> <span class='ocrx_word' id='word_1_611' title='bbox 3371 2125 3510 2184; x_wconf 65' lang='lat' dir='ltr'><strong>urbe</strong></span> <span class='ocrx_word' id='word_1_612' title='bbox 3549 2126 3736 2184; x_wconf 70' lang='lat' dir='ltr'><strong>Evan-</strong></span> 
     </span>
    </p>
   </div>
   <div class='ocr_carea' id='block_1_82' title="bbox 2141 2211 3733 2294">
    <p class='ocr_par' dir='ltr' id='par_1_82' title="bbox 2141 2211 3733 2294">
     <span class='ocr_line' id='line_1_82' title="bbox 2141 2211 3733 2294; baseline -0.001 -19"><span class='ocrx_word' id='word_1_613' title='bbox 2141 2219 2265 2294; x_wconf 81' lang='lat' dir='ltr'><strong>gelii</strong></span> <span class='ocrx_word' id='word_1_614' title='bbox 2290 2218 2645 2290; x_wconf 88' lang='lat' dir='ltr'><strong>prodiderunt</strong></span> <span class='ocrx_word' id='word_1_615' title='bbox 2673 2235 2686 2272; x_wconf 93' lang='lat'><strong>:</strong></span> <span class='ocrx_word' id='word_1_616' title='bbox 2714 2237 2732 2270; x_wconf 77' lang='grc' dir='ltr'>ί</span> <span class='ocrx_word' id='word_1_617' title='bbox 2771 2217 2875 2272; x_wconf 84' lang='lat' dir='ltr'><strong>Pro</strong></span> <span class='ocrx_word' id='word_1_618' title='bbox 2911 2217 3157 2290; x_wconf 73' lang='lat' dir='ltr'><strong>patribus</strong></span> <span class='ocrx_word' id='word_1_619' title='bbox 3192 2215 3302 2273; x_wconf 85' lang='lat' dir='ltr'><strong>tuis</strong></span> <span class='ocrx_word' id='word_1_620' title='bbox 3327 2211 3446 2270; x_wconf 80' lang='lat' dir='ltr'><strong>nati</strong></span> <span class='ocrx_word' id='word_1_621' title='bbox 3473 2225 3617 2274; x_wconf 73' lang='lat' dir='ltr'><strong>sunt</strong></span> <span class='ocrx_word' id='word_1_622' title='bbox 3635 2217 3733 2274; x_wconf 75' lang='lat' dir='ltr'><strong>tibi</strong></span> 
     </span>
    </p>
   </div>
   <div class='ocr_carea' id='block_1_83' title="bbox 2144 2309 3734 2382">
    <p class='ocr_par' dir='ltr' id='par_1_83' title="bbox 2144 2309 3734 2382">
     <span class='ocr_line' id='line_1_83' title="bbox 2144 2309 3734 2382; baseline 0 -16"><span class='ocrx_word' id='word_1_623' title='bbox 2144 2311 2238 2366; x_wconf 90' lang='lat' dir='ltr'><strong>ﬁlii</strong></span> <span class='ocrx_word' id='word_1_624' title='bbox 2269 2310 2442 2382; x_wconf 75' lang='lat' dir='ltr'><strong>(Psat.</strong></span> <span class='ocrx_word' id='word_1_625' title='bbox 2467 2310 2636 2382; x_wconf 61' lang='grc' dir='ltr'><strong>κων).</strong></span> <span class='ocrx_word' id='word_1_626' title='bbox 2669 2329 2690 2363; x_wconf 77' lang='grc' dir='ltr'><strong><em>ι</em></strong></span> <span class='ocrx_word' id='word_1_627' title='bbox 2724 2309 2782 2371; x_wconf 88' lang='lat' dir='ltr'><strong>Si</strong></span> <span class='ocrx_word' id='word_1_628' title='bbox 2817 2309 2961 2366; x_wconf 88' lang='lat' dir='ltr'><strong>enim</strong></span> <span class='ocrx_word' id='word_1_629' title='bbox 2987 2309 3134 2369; x_wconf 70' lang='lat' dir='ltr'><strong>Elia:</strong></span> <span class='ocrx_word' id='word_1_630' title='bbox 3154 2323 3264 2363; x_wconf 75' lang='lat' dir='ltr'><strong>non</strong></span> <span class='ocrx_word' id='word_1_631' title='bbox 3291 2323 3389 2366; x_wconf 74' lang='lat' dir='ltr'><strong>cor</strong></span> <span class='ocrx_word' id='word_1_632' title='bbox 3411 2321 3640 2379; x_wconf 69' lang='lat' dir='ltr'><strong>patrum</strong></span> <span class='ocrx_word' id='word_1_633' title='bbox 3661 2309 3734 2366; x_wconf 76' lang='lat' dir='ltr'><strong>ad</strong></span> 
     </span>
    </p>
   </div>
   <div class='ocr_carea' id='block_1_84' title="bbox 2143 2401 3729 2472">
    <p class='ocr_par' dir='ltr' id='par_1_84' title="bbox 2143 2401 3729 2472">
     <span class='ocr_line' id='line_1_84' title="bbox 2143 2401 3729 2472; baseline 0 -12"><span class='ocrx_word' id='word_1_634' title='bbox 2143 2403 2280 2460; x_wconf 88' lang='lat' dir='ltr'><strong>ﬁlios</strong></span> <span class='ocrx_word' id='word_1_635' title='bbox 2303 2413 2429 2460; x_wconf 86' lang='lat' dir='ltr'><strong>ante</strong></span> <span class='ocrx_word' id='word_1_636' title='bbox 2441 2403 2834 2466; x_wconf 82' lang='lat' dir='ltr'><strong>converteritet</strong></span> <span class='ocrx_word' id='word_1_637' title='bbox 2856 2418 2952 2460; x_wconf 86' lang='lat' dir='ltr'><strong>cor</strong></span> <span class='ocrx_word' id='word_1_638' title='bbox 2968 2401 3280 2461; x_wconf 79' lang='lat' dir='ltr'><strong>ﬁliorumad</strong></span> <span class='ocrx_word' id='word_1_639' title='bbox 3299 2410 3490 2472; x_wconf 78' lang='lat' dir='ltr'><strong>patres</strong></span> <span class='ocrx_word' id='word_1_640' title='bbox 3511 2417 3729 2468; x_wconf 72' lang='lat' dir='ltr'><strong>eor-nn,</strong></span> 
     </span>
    </p>
   </div>
   <div class='ocr_carea' id='block_1_85' title="bbox 2143 2492 3730 2564">
    <p class='ocr_par' dir='ltr' id='par_1_85' title="bbox 2143 2492 3730 2564">
     <span class='ocr_line' id='line_1_85' title="bbox 2143 2492 3730 2564; baseline 0 -14"><span class='ocrx_word' id='word_1_641' title='bbox 2143 2510 2262 2550; x_wconf 89' lang='lat' dir='ltr'><strong>cum</strong></span> <span class='ocrx_word' id='word_1_642' title='bbox 2303 2496 2511 2552; x_wconf 88' lang='lat' dir='ltr'><strong>venerit</strong></span> <span class='ocrx_word' id='word_1_643' title='bbox 2539 2495 2656 2550; x_wconf 86' lang='lat' dir='ltr'><strong>dies</strong></span> <span class='ocrx_word' id='word_1_644' title='bbox 2687 2494 2896 2550; x_wconf 89' lang='lat' dir='ltr'><strong>Domini</strong></span> <span class='ocrx_word' id='word_1_645' title='bbox 2925 2509 3152 2564; x_wconf 77' lang='lat' dir='ltr'><strong>magnus</strong></span> <span class='ocrx_word' id='word_1_646' title='bbox 3174 2501 3232 2552; x_wconf 83' lang='lat' dir='ltr'><strong>et</strong></span> <span class='ocrx_word' id='word_1_647' title='bbox 3277 2492 3588 2559; x_wconf 76' lang='lat' dir='ltr'><strong>horribilis,</strong></span> <span class='ocrx_word' id='word_1_648' title='bbox 3609 2509 3730 2550; x_wconf 66' lang='lat' dir='ltr'><strong>ma-</strong></span> 
     </span>
    </p>
   </div>
   <div class='ocr_carea' id='block_1_86' title="bbox 2143 2587 3730 2662">
    <p class='ocr_par' dir='ltr' id='par_1_86' title="bbox 2143 2587 3730 2662">
     <span class='ocr_line' id='line_1_86' title="bbox 2143 2587 3730 2662; baseline -0.001 -18"><span class='ocrx_word' id='word_1_649' title='bbox 2143 2605 2285 2662; x_wconf 80' lang='lat' dir='ltr'><strong>gnus</strong></span> <span class='ocrx_word' id='word_1_650' title='bbox 2313 2589 2538 2655; x_wconf 76' lang='lat' dir='ltr'><strong>sanctis,</strong></span> <span class='ocrx_word' id='word_1_651' title='bbox 2561 2588 2811 2647; x_wconf 84' lang='lat' dir='ltr'><strong>horihilis</strong></span> <span class='ocrx_word' id='word_1_652' title='bbox 2833 2587 3232 2659; x_wconf 70' lang='lat' dir='ltr'><strong>peccatoribus.</strong></span> <span class='ocrx_word' id='word_1_653' title='bbox 3265 2587 3542 2656; x_wconf 74' lang='lat' dir='ltr'><strong>pemtiet</strong></span> <span class='ocrx_word' id='word_1_654' title='bbox 3566 2601 3730 2642; x_wconf 79' lang='lat' dir='ltr'><strong>vena</strong></span> 
     </span>
    </p>
   </div>
   <div class='ocr_carea' id='block_1_87' title="bbox 2143 2680 3731 2753">
    <p class='ocr_par' dir='ltr' id='par_1_87' title="bbox 2143 2680 3731 2753">
     <span class='ocr_line' id='line_1_87' title="bbox 2143 2680 3731 2753; baseline -0.001 -15"><span class='ocrx_word' id='word_1_655' title='bbox 2143 2691 2198 2738; x_wconf 88' lang='lat' dir='ltr'><strong>et</strong></span> <span class='ocrx_word' id='word_1_656' title='bbox 2211 2683 2392 2753; x_wconf 79' lang='lat' dir='ltr'><strong>justus</strong></span> <span class='ocrx_word' id='word_1_657' title='bbox 2412 2681 2602 2752; x_wconf 74' lang='lat' dir='ltr'><strong>iudex,</strong></span> <span class='ocrx_word' id='word_1_658' title='bbox 2644 2698 2753 2738; x_wconf 82' lang='lat' dir='ltr'><strong>non</strong></span> <span class='ocrx_word' id='word_1_659' title='bbox 2779 2680 3000 2746; x_wconf 70' lang='lat' dir='ltr'><strong>omium,</strong></span> <span class='ocrx_word' id='word_1_660' title='bbox 3029 2695 3138 2742; x_wconf 83' lang='lat' dir='ltr'><strong>non</strong></span> <span class='ocrx_word' id='word_1_661' title='bbox 3161 2693 3278 2747; x_wconf 77' lang='lat' dir='ltr'><strong>catt.</strong></span> <span class='ocrx_word' id='word_1_662' title='bbox 3315 2680 3411 2750; x_wconf 77' lang='lat' dir='ltr'><strong>qui</strong></span> <span class='ocrx_word' id='word_1_663' title='bbox 3436 2689 3731 2740; x_wconf 70' lang='lat' dir='ltr'><strong>vorsu-tur</strong></span> 
     </span>
    </p>
   </div>
   <div class='ocr_carea' id='block_1_88' title="bbox 2147 2773 3724 2846">
    <p class='ocr_par' dir='ltr' id='par_1_88' title="bbox 2147 2773 3724 2846">
     <span class='ocr_line' id='line_1_88' title="bbox 2147 2773 3724 2846; baseline -0.003 -11"><span class='ocrx_word' id='word_1_664' title='bbox 2147 2775 2202 2835; x_wconf 87' lang='lat' dir='ltr'><strong>in</strong></span> <span class='ocrx_word' id='word_1_665' title='bbox 2226 2775 2385 2843; x_wconf 73' lang='lat' dir='ltr'><strong>etclo,</strong></span> <span class='ocrx_word' id='word_1_666' title='bbox 2421 2777 2516 2833; x_wconf 88' lang='lat' dir='ltr'><strong>sed</strong></span> <span class='ocrx_word' id='word_1_667' title='bbox 2549 2784 2752 2836; x_wconf 86' lang='lat' dir='ltr'><strong>terram</strong></span> <span class='ocrx_word' id='word_1_668' title='bbox 2797 2776 3167 2841; x_wconf 78' lang='lat' dir='ltr'><strong>anathemate,</strong></span> <span class='ocrx_word' id='word_1_669' title='bbox 3189 2773 3284 2845; x_wconf 74' lang='lat' dir='ltr'><strong>qui</strong></span> <span class='ocrx_word' id='word_1_670' title='bbox 3315 2773 3530 2832; x_wconf 64' lang='lat' dir='ltr'><strong>facium</strong></span> <span class='ocrx_word' id='word_1_671' title='bbox 3553 2789 3724 2846; x_wconf 71' lang='lat' dir='ltr'><strong>open</strong></span> 
     </span>
    </p>
   </div>
   <div class='ocr_carea' id='block_1_89' title="bbox 2147 2867 3729 2940">
    <p class='ocr_par' dir='ltr' id='par_1_89' title="bbox 2147 2867 3729 2940">
     <span class='ocr_line' id='line_1_89' title="bbox 2147 2867 3729 2940; baseline 0.001 -18"><span class='ocrx_word' id='word_1_672' title='bbox 2147 2877 2381 2926; x_wconf 73' lang='lat' dir='ltr'><strong>terrena.</strong></span> <span class='ocrx_word' id='word_1_673' title='bbox 2395 2867 2638 2927; x_wconf 72' lang='lat' dir='ltr'><strong>Judaeiet</strong></span> <span class='ocrx_word' id='word_1_674' title='bbox 2654 2868 3000 2940; x_wconf 70' lang='lat' dir='ltr'><strong>iudaiaantco</strong></span> <span class='ocrx_word' id='word_1_675' title='bbox 3020 2867 3259 2926; x_wconf 76' lang='lat' dir='ltr'><strong>haeretici</strong></span> <span class='ocrx_word' id='word_1_676' title='bbox 3279 2874 3407 2924; x_wconf 78' lang='lat' dir='ltr'><strong>ante</strong></span> <span class='ocrx_word' id='word_1_677' title='bbox 3427 2868 3729 2940; x_wconf 58' lang='grc' dir='ltr'><strong>ἠλειμμόκι</strong></span> 
     </span>
    </p>
   </div>
   <div class='ocr_carea' id='block_1_90' title="bbox 2145 2961 3724 3032">
    <p class='ocr_par' dir='ltr' id='par_1_90' title="bbox 2145 2961 3724 3032">
     <span class='ocr_line' id='line_1_90' title="bbox 2145 2961 3724 3032; baseline 0.001 -16"><span class='ocrx_word' id='word_1_678' title='bbox 2145 2975 2303 3018; x_wconf 82' lang='lat' dir='ltr'><strong>suum</strong></span> <span class='ocrx_word' id='word_1_679' title='bbox 2343 2961 2514 3018; x_wconf 83' lang='lat' dir='ltr'><strong>Eliam</strong></span> <span class='ocrx_word' id='word_1_680' title='bbox 2546 2969 2741 3032; x_wconf 84' lang='lat' dir='ltr'><strong>putant</strong></span> <span class='ocrx_word' id='word_1_681' title='bbox 2763 2976 2888 3018; x_wconf 76' lang='lat' dir='ltr'><strong>esse</strong></span> <span class='ocrx_word' id='word_1_682' title='bbox 2920 2969 3228 3026; x_wconf 72' lang='lat' dir='ltr'><strong>ventulum,</strong></span> <span class='ocrx_word' id='word_1_683' title='bbox 3252 2968 3312 3019; x_wconf 84' lang='lat' dir='ltr'><strong>et</strong></span> <span class='ocrx_word' id='word_1_684' title='bbox 3337 2961 3724 3018; x_wconf 61' lang='lat' dir='ltr'><strong>nstitutum-</strong></span> 
     </span>
    </p>
   </div>
   <div class='ocr_carea' id='block_1_91' title="bbox 2145 3041 3728 3124">
    <p class='ocr_par' dir='ltr' id='par_1_91' title="bbox 2145 3041 3728 3124">
     <span class='ocr_line' id='line_1_91' title="bbox 2145 3041 3728 3124; baseline 0 -14"><span class='ocrx_word' id='word_1_685' title='bbox 2145 3053 2348 3110; x_wconf 75' lang='lat' dir='ltr'><strong>omnia.</strong></span> <span class='ocrx_word' id='word_1_686' title='bbox 2396 3051 2548 3110; x_wconf 85' lang='lat' dir='ltr'><strong>Unde</strong></span> <span class='ocrx_word' id='word_1_687' title='bbox 2599 3060 2654 3112; x_wconf 87' lang='lat' dir='ltr'><strong>et</strong></span> <span class='ocrx_word' id='word_1_688' title='bbox 2705 3041 2922 3110; x_wconf 75' lang='lat' dir='ltr'><strong>Christo</strong></span> <span class='ocrx_word' id='word_1_689' title='bbox 2958 3053 3014 3112; x_wconf 84' lang='lat' dir='ltr'><strong>in</strong></span> <span class='ocrx_word' id='word_1_690' title='bbox 3061 3051 3350 3124; x_wconf 77' lang='lat' dir='ltr'><strong>Evangelia</strong></span> <span class='ocrx_word' id='word_1_691' title='bbox 3399 3053 3728 3123; x_wconf 71' lang='lat' dir='ltr'><strong>propellitur</strong></span> 
     </span>
    </p>
   </div>
   <div class='ocr_carea' id='block_1_92' title="bbox 2145 3143 3726 3216">
    <p class='ocr_par' dir='ltr' id='par_1_92' title="bbox 2145 3143 3726 3216">
     <span class='ocr_line' id='line_1_92' title="bbox 2145 3143 3726 3216; baseline 0 -16"><span class='ocrx_word' id='word_1_692' title='bbox 2145 3146 2418 3216; x_wconf 75' lang='lat' dir='ltr'><strong>qumstio:</strong></span> <span class='ocrx_word' id='word_1_693' title='bbox 2456 3161 2474 3198; x_wconf 74' lang='grc' dir='ltr'>ι</span> <span class='ocrx_word' id='word_1_694' title='bbox 2522 3145 2664 3213; x_wconf 86' lang='lat' dir='ltr'><strong>Quid</strong></span> <span class='ocrx_word' id='word_1_695' title='bbox 2693 3153 2799 3212; x_wconf 74' lang='lat' dir='ltr'><strong>est,</strong></span> <span class='ocrx_word' id='word_1_696' title='bbox 2841 3145 3110 3215; x_wconf 82' lang='lat' dir='ltr'><strong>inquiunt,</strong></span> <span class='ocrx_word' id='word_1_697' title='bbox 3146 3145 3294 3216; x_wconf 80' lang='lat' dir='ltr'><strong>quod</strong></span> <span class='ocrx_word' id='word_1_698' title='bbox 3339 3143 3606 3202; x_wconf 60' lang='lat' dir='ltr'><strong>Phariui</strong></span> <span class='ocrx_word' id='word_1_699' title='bbox 3641 3145 3726 3200; x_wconf 76' lang='lat' dir='ltr'><strong>di-</strong></span> 
     </span>
    </p>
   </div>
   <div class='ocr_carea' id='block_1_93' title="bbox 2147 3237 3722 3310">
    <p class='ocr_par' dir='ltr' id='par_1_93' title="bbox 2147 3237 3722 3310">
     <span class='ocr_line' id='line_1_93' title="bbox 2147 3237 3722 3310; baseline 0 -15"><span class='ocrx_word' id='word_1_700' title='bbox 2147 3248 2274 3295; x_wconf 89' lang='lat' dir='ltr'><strong>cunt</strong></span> <span class='ocrx_word' id='word_1_701' title='bbox 2297 3239 2439 3310; x_wconf 84' lang='lat' dir='ltr'><strong>quod</strong></span> <span class='ocrx_word' id='word_1_702' title='bbox 2467 3239 2612 3296; x_wconf 81' lang='lat' dir='ltr'><strong>Elias</strong></span> <span class='ocrx_word' id='word_1_703' title='bbox 2636 3246 2892 3296; x_wconf 79' lang='lat' dir='ltr'><strong>venturus</strong></span> <span class='ocrx_word' id='word_1_704' title='bbox 2931 3239 3052 3296; x_wconf 80' lang='lat' dir='ltr'><strong>est?</strong></span> <span class='ocrx_word' id='word_1_705' title='bbox 3085 3257 3107 3292; x_wconf 75' lang='grc' dir='ltr'><strong><em>ι</em></strong></span> <span class='ocrx_word' id='word_1_706' title='bbox 3135 3237 3346 3308; x_wconf 70' lang='lat' dir='ltr'><strong>Quibus</strong></span> <span class='ocrx_word' id='word_1_707' title='bbox 3373 3237 3468 3294; x_wconf 77' lang='lat' dir='ltr'><strong>ille</strong></span> <span class='ocrx_word' id='word_1_708' title='bbox 3490 3252 3722 3310; x_wconf 68' lang='lat' dir='ltr'><strong>respon-</strong></span> 
     </span>
    </p>
   </div>
   <div class='ocr_carea' id='block_1_94' title="bbox 2145 3331 3720 3404">
    <p class='ocr_par' dir='ltr' id='par_1_94' title="bbox 2145 3331 3720 3404">
     <span class='ocr_line' id='line_1_94' title="bbox 2145 3331 3720 3404; baseline 0 -16"><span class='ocrx_word' id='word_1_709' title='bbox 2145 3331 2223 3388; x_wconf 87' lang='lat' dir='ltr'><strong>dit</strong></span> <span class='ocrx_word' id='word_1_710' title='bbox 2250 3351 2262 3386; x_wconf 88' lang='lat'><strong>:</strong></span> <span class='ocrx_word' id='word_1_711' title='bbox 2293 3349 2314 3384; x_wconf 73' lang='grc' dir='ltr'>ι</span> <span class='ocrx_word' id='word_1_712' title='bbox 2351 3331 2495 3386; x_wconf 72' lang='lat' dir='ltr'><strong>Elius</strong></span> <span class='ocrx_word' id='word_1_713' title='bbox 2530 3331 2748 3401; x_wconf 78' lang='lat' dir='ltr'><strong>quidem</strong></span> <span class='ocrx_word' id='word_1_714' title='bbox 2797 3346 2962 3400; x_wconf 78' lang='lat' dir='ltr'><strong>quem</strong></span> <span class='ocrx_word' id='word_1_715' title='bbox 2999 3339 3289 3392; x_wconf 72' lang='lat' dir='ltr'><strong>venturum</strong></span> <span class='ocrx_word' id='word_1_716' title='bbox 3333 3331 3582 3398; x_wconf 58' lang='lat' dir='ltr'><strong>endit,</strong></span> <span class='ocrx_word' id='word_1_717' title='bbox 3611 3333 3720 3404; x_wconf 69' lang='lat' dir='ltr'><strong>ja-</strong></span> 
     </span>
    </p>
   </div>
   <div class='ocr_carea' id='block_1_95' title="bbox 2145 3420 3228 3494">
    <p class='ocr_par' dir='ltr' id='par_1_95' title="bbox 2145 3420 3228 3494">
     <span class='ocr_line' id='line_1_95' title="bbox 2145 3420 3228 3494; baseline 0 -16"><span class='ocrx_word' id='word_1_718' title='bbox 2145 3422 2312 3487; x_wconf 77' lang='lat' dir='ltr'><strong>venit,</strong></span> <span class='ocrx_word' id='word_1_719' title='bbox 2351 3442 2370 3476; x_wconf 75' lang='grc' dir='ltr'><strong>ι</strong></span> <span class='ocrx_word' id='word_1_720' title='bbox 2401 3422 2453 3478; x_wconf 87' lang='lat' dir='ltr'><strong>in</strong></span> <span class='ocrx_word' id='word_1_721' title='bbox 2482 3421 2595 3476; x_wconf 85' lang='lat' dir='ltr'><strong>Elia</strong></span> <span class='ocrx_word' id='word_1_722' title='bbox 2624 3420 2882 3478; x_wconf 72' lang='lat' dir='ltr'><strong>Joannctn</strong></span> <span class='ocrx_word' id='word_1_723' title='bbox 2905 3422 3228 3494; x_wconf 69' lang='lat' dir='ltr'><strong>intelligant</strong></span> 
     </span>
    </p>
   </div>
   <div class='ocr_carea' id='block_1_96' title="bbox 2221 3513 3720 3584">
    <p class='ocr_par' dir='ltr' id='par_1_96' title="bbox 2221 3513 3720 3584">
     <span class='ocr_line' id='line_1_96' title="bbox 2221 3513 3720 3584; baseline 0.006 -20"><span class='ocrx_word' id='word_1_724' title='bbox 2221 3534 2238 3564; x_wconf 71' lang='grc' dir='ltr'>ι</span> <span class='ocrx_word' id='word_1_725' title='bbox 2269 3513 2374 3569; x_wconf 84' lang='lat' dir='ltr'><strong>Sed</strong></span> <span class='ocrx_word' id='word_1_726' title='bbox 2421 3513 2711 3582; x_wconf 69' lang='lat' dir='ltr'><strong>proﬁciens</strong></span> <span class='ocrx_word' id='word_1_727' title='bbox 2762 3513 3006 3584; x_wconf 77' lang='lat' dir='ltr'><strong>repulisti</strong></span> <span class='ocrx_word' id='word_1_728' title='bbox 3055 3529 3176 3580; x_wconf 74' lang='lat' dir='ltr'><strong>nos,</strong></span> <span class='ocrx_word' id='word_1_729' title='bbox 3205 3514 3378 3570; x_wconf 70' lang='lat' dir='ltr'><strong>intus</strong></span> <span class='ocrx_word' id='word_1_730' title='bbox 3419 3530 3488 3572; x_wconf 81' lang='lat' dir='ltr'><strong>es</strong></span> <span class='ocrx_word' id='word_1_731' title='bbox 3519 3525 3720 3573; x_wconf 78' lang='lat' dir='ltr'><strong>contra</strong></span> 
     </span>
    </p>
   </div>
   <div class='ocr_carea' id='block_1_97' title="bbox 2150 3605 3722 3678">
    <p class='ocr_par' dir='ltr' id='par_1_97' title="bbox 2150 3605 3722 3678">
     <span class='ocr_line' id='line_1_97' title="bbox 2150 3605 3722 3678; baseline 0.003 -18"><span class='ocrx_word' id='word_1_732' title='bbox 2150 3625 2169 3660; x_wconf 77' lang='grc' dir='ltr'>ι</span> <span class='ocrx_word' id='word_1_733' title='bbox 2194 3621 2298 3662; x_wconf 79' lang='lat' dir='ltr'><strong>nos</strong></span> <span class='ocrx_word' id='word_1_734' title='bbox 2325 3607 2692 3663; x_wconf 85' lang='lat' dir='ltr'><strong>vehementer.</strong></span> <span class='ocrx_word' id='word_1_735' title='bbox 2724 3625 2742 3657; x_wconf 74' lang='grc' dir='ltr'><strong><em>ι</em></strong></span> <span class='ocrx_word' id='word_1_736' title='bbox 2774 3605 2890 3662; x_wconf 81' lang='lat' dir='ltr'><strong>Non</strong></span> <span class='ocrx_word' id='word_1_737' title='bbox 2906 3607 3051 3662; x_wconf 78' lang='lat' dir='ltr'><strong>enim</strong></span> <span class='ocrx_word' id='word_1_738' title='bbox 3077 3608 3194 3665; x_wconf 72' lang='lat' dir='ltr'><strong>lucc</strong></span> <span class='ocrx_word' id='word_1_739' title='bbox 3205 3609 3361 3678; x_wconf 61' lang='lat' dir='ltr'><strong>quosi</strong></span> <span class='ocrx_word' id='word_1_740' title='bbox 3381 3608 3722 3678; x_wconf 63' lang='lat' dir='ltr'><strong>demito</strong></span> 
     </span>
    </p>
   </div>
   <div class='ocr_carea' id='block_1_98' title="bbox 2145 3697 3720 3768">
    <p class='ocr_par' dir='ltr' id='par_1_98' title="bbox 2145 3697 3720 3768">
     <span class='ocr_line' id='line_1_98' title="bbox 2145 3697 3720 3768; baseline 0.002 -14"><span class='ocrx_word' id='word_1_741' title='bbox 2145 3699 2210 3754; x_wconf 81' lang='lat' dir='ltr'><strong>do</strong></span> <span class='ocrx_word' id='word_1_742' title='bbox 2251 3697 2426 3753; x_wconf 84' lang='lat' dir='ltr'><strong>salute</strong></span> <span class='ocrx_word' id='word_1_743' title='bbox 2469 3697 2652 3768; x_wconf 85' lang='lat' dir='ltr'><strong>populi</strong></span> <span class='ocrx_word' id='word_1_744' title='bbox 2705 3697 2790 3754; x_wconf 75' lang='grc' dir='ltr'><strong>ωε</strong></span> <span class='ocrx_word' id='word_1_745' title='bbox 2835 3697 3046 3753; x_wconf 68' lang='lat' dir='ltr'><strong>locutos</strong></span> <span class='ocrx_word' id='word_1_746' title='bbox 3085 3707 3188 3763; x_wconf 76' lang='lat' dir='ltr'><strong>est,</strong></span> <span class='ocrx_word' id='word_1_747' title='bbox 3227 3699 3322 3756; x_wconf 77' lang='lat' dir='ltr'><strong>sed</strong></span> <span class='ocrx_word' id='word_1_748' title='bbox 3365 3707 3430 3754; x_wconf 73' lang='lat' dir='ltr'><strong>ut</strong></span> <span class='ocrx_word' id='word_1_749' title='bbox 3473 3699 3720 3756; x_wconf 70' lang='lat' dir='ltr'><strong>dolorem</strong></span> 
     </span>
    </p>
   </div>
   <div class='ocr_carea' id='block_1_99' title="bbox 2145 3789 3722 3862">
    <p class='ocr_par' dir='ltr' id='par_1_99' title="bbox 2145 3789 3722 3862">
     <span class='ocr_line' id='line_1_99' title="bbox 2145 3789 3722 3862; baseline 0.001 -16"><span class='ocrx_word' id='word_1_750' title='bbox 2145 3805 2300 3848; x_wconf 75' lang='lat' dir='ltr'><strong>suum</strong></span> <span class='ocrx_word' id='word_1_751' title='bbox 2336 3790 2562 3847; x_wconf 84' lang='lat' dir='ltr'><strong>nimium</strong></span> <span class='ocrx_word' id='word_1_752' title='bbox 2606 3791 2672 3846; x_wconf 91' lang='lat' dir='ltr'><strong>de</strong></span> <span class='ocrx_word' id='word_1_753' title='bbox 2721 3791 3044 3848; x_wconf 80' lang='lat' dir='ltr'><strong>contritione</strong></span> <span class='ocrx_word' id='word_1_754' title='bbox 3068 3799 3125 3846; x_wconf 80' lang='lat' dir='ltr'><strong>et</strong></span> <span class='ocrx_word' id='word_1_755' title='bbox 3165 3791 3467 3862; x_wconf 64' lang='lat' dir='ltr'><strong>obiectione</strong></span> <span class='ocrx_word' id='word_1_756' title='bbox 3505 3789 3722 3848; x_wconf 72' lang='lat' dir='ltr'><strong>diutina</strong></span> 
     </span>
    </p>
   </div>
   <div class='ocr_carea' id='block_1_100' title="bbox 2143 3881 3724 3956">
    <p class='ocr_par' dir='ltr' id='par_1_100' title="bbox 2143 3881 3724 3956">
     <span class='ocr_line' id='line_1_100' title="bbox 2143 3881 3724 3956; baseline 0.004 -19"><span class='ocrx_word' id='word_1_757' title='bbox 2143 3883 2322 3956; x_wconf 76' lang='lat' dir='ltr'><strong>gentis</strong></span> <span class='ocrx_word' id='word_1_758' title='bbox 2373 3899 2486 3943; x_wconf 76' lang='lat' dir='ltr'><strong>sua:</strong></span> <span class='ocrx_word' id='word_1_759' title='bbox 2550 3881 2942 3938; x_wconf 81' lang='lat' dir='ltr'><strong>manifestaret.</strong></span> <span class='ocrx_word' id='word_1_760' title='bbox 3001 3882 3145 3944; x_wconf 69' lang='lat' dir='ltr'><strong>Vidit</strong></span> <span class='ocrx_word' id='word_1_761' title='bbox 3197 3885 3346 3944; x_wconf 73' lang='lat' dir='ltr'><strong>enim</strong></span> <span class='ocrx_word' id='word_1_762' title='bbox 3399 3885 3724 3956; x_wconf 66' lang='lat' dir='ltr'><strong>prophuico</strong></span> 
     </span>
    </p>
   </div>
   <div class='ocr_carea' id='block_1_101' title="bbox 2142 3973 3723 4046">
    <p class='ocr_par' dir='ltr' id='par_1_101' title="bbox 2142 3973 3723 4046">
     <span class='ocr_line' id='line_1_101' title="bbox 2142 3973 3723 4046; baseline 0.001 -14"><span class='ocrx_word' id='word_1_763' title='bbox 2142 3975 2358 4044; x_wconf 79' lang='lat' dir='ltr'><strong>spiritu,</strong></span> <span class='ocrx_word' id='word_1_764' title='bbox 2385 3975 2528 4046; x_wconf 85' lang='lat' dir='ltr'><strong>quod</strong></span> <span class='ocrx_word' id='word_1_765' title='bbox 2554 3976 2657 4046; x_wconf 85' lang='lat' dir='ltr'><strong>ipsi</strong></span> <span class='ocrx_word' id='word_1_766' title='bbox 2681 3974 2852 4031; x_wconf 67' lang='lat' dir='ltr'><strong>Judaei</strong></span> <span class='ocrx_word' id='word_1_767' title='bbox 2898 3975 2952 4030; x_wconf 87' lang='lat' dir='ltr'><strong>in</strong></span> <span class='ocrx_word' id='word_1_768' title='bbox 2980 3975 3211 4032; x_wconf 76' lang='lat' dir='ltr'><strong>adventu</strong></span> <span class='ocrx_word' id='word_1_769' title='bbox 3247 3973 3449 4034; x_wconf 61' lang='lat' dir='ltr'><strong>ChriSti</strong></span> <span class='ocrx_word' id='word_1_770' title='bbox 3480 3985 3594 4032; x_wconf 71' lang='lat' dir='ltr'><strong>non</strong></span> <span class='ocrx_word' id='word_1_771' title='bbox 3627 3991 3723 4033; x_wconf 59' lang='lat' dir='ltr'><strong>csa</strong></span> 
     </span>
    </p>
   </div>
   <div class='ocr_carea' id='block_1_102' title="bbox 2142 4067 3720 4141">
    <p class='ocr_par' dir='ltr' id='par_1_102' title="bbox 2142 4067 3720 4141">
     <span class='ocr_line' id='line_1_102' title="bbox 2142 4067 3720 4141; baseline 0.002 -18"><span class='ocrx_word' id='word_1_772' title='bbox 2142 4079 2261 4123; x_wconf 77' lang='lat' dir='ltr'><strong>sent</strong></span> <span class='ocrx_word' id='word_1_773' title='bbox 2287 4067 2562 4133; x_wconf 72' lang='lat' dir='ltr'><strong>credituri,</strong></span> <span class='ocrx_word' id='word_1_774' title='bbox 2597 4070 2690 4124; x_wconf 85' lang='lat' dir='ltr'><strong>sed</strong></span> <span class='ocrx_word' id='word_1_775' title='bbox 2739 4069 3028 4141; x_wconf 64' lang='lat' dir='ltr'><strong>Evangelia</strong></span> <span class='ocrx_word' id='word_1_776' title='bbox 3069 4069 3184 4139; x_wconf 76' lang='lat' dir='ltr'><strong>eius</strong></span> <span class='ocrx_word' id='word_1_777' title='bbox 3213 4068 3625 4134; x_wconf 72' lang='lat' dir='ltr'><strong>contradictori.</strong></span> <span class='ocrx_word' id='word_1_778' title='bbox 3665 4083 3720 4128; x_wconf 86' lang='lat' dir='ltr'><strong>ct</strong></span> 
     </span>
    </p>
   </div>
   <div class='ocr_carea' id='block_1_103' title="bbox 2143 4157 3714 4232">
    <p class='ocr_par' dir='ltr' id='par_1_103' title="bbox 2143 4157 3714 4232">
     <span class='ocr_line' id='line_1_103' title="bbox 2143 4157 3714 4232; baseline 0.001 -18"><span class='ocrx_word' id='word_1_779' title='bbox 2143 4161 2316 4229; x_wconf 87' lang='lat' dir='ltr'><strong>ipsum</strong></span> <span class='ocrx_word' id='word_1_780' title='bbox 2357 4161 2626 4216; x_wconf 73' lang='lat' dir='ltr'><strong>hmredem</strong></span> <span class='ocrx_word' id='word_1_781' title='bbox 2665 4161 2824 4215; x_wconf 89' lang='lat' dir='ltr'><strong>morti</strong></span> <span class='ocrx_word' id='word_1_782' title='bbox 2861 4161 3128 4227; x_wconf 85' lang='lat' dir='ltr'><strong>tradituri,</strong></span> <span class='ocrx_word' id='word_1_783' title='bbox 3175 4161 3314 4216; x_wconf 83' lang='lat' dir='ltr'><strong>sicut</strong></span> <span class='ocrx_word' id='word_1_784' title='bbox 3347 4162 3402 4216; x_wconf 89' lang='lat' dir='ltr'><strong>in</strong></span> <span class='ocrx_word' id='word_1_785' title='bbox 3436 4157 3714 4232; x_wconf 64' lang='lat' dir='ltr'><strong>plerisque</strong></span> 
     </span>
    </p>
   </div>
   <div class='ocr_carea' id='block_1_104' title="bbox 2139 4253 3718 4313">
    <p class='ocr_par' dir='ltr' id='par_1_104' title="bbox 2139 4253 3718 4313">
     <span class='ocr_line' id='line_1_104' title="bbox 2139 4253 3718 4313; baseline 0.001 -5"><span class='ocrx_word' id='word_1_786' title='bbox 2139 4253 2273 4308; x_wconf 87' lang='lat' dir='ltr'><strong>locis</strong></span> <span class='ocrx_word' id='word_1_787' title='bbox 2313 4253 2471 4310; x_wconf 87' lang='lat' dir='ltr'><strong>istius</strong></span> <span class='ocrx_word' id='word_1_788' title='bbox 2506 4253 2632 4311; x_wconf 78' lang='lat' dir='ltr'><strong>libri</strong></span> <span class='ocrx_word' id='word_1_789' title='bbox 2674 4263 2798 4310; x_wconf 82' lang='lat' dir='ltr'><strong>ante</strong></span> <span class='ocrx_word' id='word_1_790' title='bbox 2835 4253 3148 4313; x_wconf 69' lang='lat' dir='ltr'><strong>deelamvit.</strong></span> <span class='ocrx_word' id='word_1_791' title='bbox 3173 4253 3446 4312; x_wconf 74' lang='lat' dir='ltr'><strong>Caeterum</strong></span> <span class='ocrx_word' id='word_1_792' title='bbox 3489 4254 3718 4310; x_wconf 64' lang='lat' dir='ltr'><strong>decon-</strong></span> 
     </span>
    </p>
   </div>
   <div class='ocr_carea' id='block_1_105' title="bbox 2141 4343 3714 4417">
    <p class='ocr_par' dir='ltr' id='par_1_105' title="bbox 2141 4343 3714 4417">
     <span class='ocr_line' id='line_1_105' title="bbox 2141 4343 3714 4417; baseline 0.005 -21"><span class='ocrx_word' id='word_1_793' title='bbox 2141 4344 2386 4402; x_wconf 77' lang='lat' dir='ltr'><strong>versione</strong></span> <span class='ocrx_word' id='word_1_794' title='bbox 2426 4343 2543 4415; x_wconf 83' lang='lat' dir='ltr'><strong>ejus</strong></span> <span class='ocrx_word' id='word_1_795' title='bbox 2567 4343 2753 4403; x_wconf 75' lang='lat' dir='ltr'><strong>ultima</strong></span> <span class='ocrx_word' id='word_1_796' title='bbox 2783 4344 2933 4400; x_wconf 87' lang='lat' dir='ltr'><strong>nullo</strong></span> <span class='ocrx_word' id='word_1_797' title='bbox 2961 4345 3122 4405; x_wconf 85' lang='lat' dir='ltr'><strong>modo</strong></span> <span class='ocrx_word' id='word_1_798' title='bbox 3148 4345 3432 4414; x_wconf 63' lang='lat' dir='ltr'><strong>dubitavit.</strong></span> <span class='ocrx_word' id='word_1_799' title='bbox 3462 4347 3562 4403; x_wconf 69' lang='lat' dir='ltr'><strong>sed</strong></span> <span class='ocrx_word' id='word_1_800' title='bbox 3593 4347 3714 4417; x_wconf 55' lang='lat' dir='ltr'><strong>1t-</strong></span> 
     </span>
    </p>
   </div>
   <div class='ocr_carea' id='block_1_106' title="bbox 2145 4436 3716 4508">
    <p class='ocr_par' dir='ltr' id='par_1_106' title="bbox 2145 4436 3716 4508">
     <span class='ocr_line' id='line_1_106' title="bbox 2145 4436 3716 4508; baseline 0.001 -17"><span class='ocrx_word' id='word_1_801' title='bbox 2145 4436 2368 4494; x_wconf 87' lang='lat' dir='ltr'><strong>nissimc</strong></span> <span class='ocrx_word' id='word_1_802' title='bbox 2397 4437 2646 4505; x_wconf 76' lang='lat' dir='ltr'><strong>credidit,</strong></span> <span class='ocrx_word' id='word_1_803' title='bbox 2695 4438 2838 4508; x_wconf 89' lang='lat' dir='ltr'><strong>quod</strong></span> <span class='ocrx_word' id='word_1_804' title='bbox 2887 4438 2940 4494; x_wconf 88' lang='lat' dir='ltr'><strong>in</strong></span> <span class='ocrx_word' id='word_1_805' title='bbox 2967 4438 3176 4498; x_wconf 68' lang='lat' dir='ltr'><strong>smine</strong></span> <span class='ocrx_word' id='word_1_806' title='bbox 3213 4439 3450 4495; x_wconf 63' lang='lat' dir='ltr'><strong>Abt-aha</strong></span> <span class='ocrx_word' id='word_1_807' title='bbox 3489 4438 3716 4494; x_wconf 74' lang='lat' dir='ltr'><strong>benedi-</strong></span> 
     </span>
    </p>
   </div>
   <div class='ocr_carea' id='block_1_107' title="bbox 2144 4527 3714 4599">
    <p class='ocr_par' dir='ltr' id='par_1_107' title="bbox 2144 4527 3714 4599">
     <span class='ocr_line' id='line_1_107' title="bbox 2144 4527 3714 4599; baseline 0.001 -16"><span class='ocrx_word' id='word_1_808' title='bbox 2144 4537 2399 4584; x_wconf 80' lang='lat' dir='ltr'><strong>cerentnr</strong></span> <span class='ocrx_word' id='word_1_809' title='bbox 2439 4541 2631 4585; x_wconf 81' lang='lat' dir='ltr'><strong>omnes</strong></span> <span class='ocrx_word' id='word_1_810' title='bbox 2676 4527 3024 4599; x_wconf 71' lang='lat' dir='ltr'><strong>cognationes</strong></span> <span class='ocrx_word' id='word_1_811' title='bbox 3049 4535 3229 4594; x_wconf 72' lang='lat' dir='ltr'><strong>terrm,</strong></span> <span class='ocrx_word' id='word_1_812' title='bbox 3260 4528 3318 4584; x_wconf 72' lang='lat' dir='ltr'><strong>in</strong></span> <span class='ocrx_word' id='word_1_813' title='bbox 3359 4543 3468 4598; x_wconf 67' lang='lat' dir='ltr'><strong>qua</strong></span> <span class='ocrx_word' id='word_1_814' title='bbox 3495 4529 3714 4584; x_wconf 60' lang='lat' dir='ltr'><strong>Inim-</strong></span> 
     </span>
    </p>
   </div>
   <div class='ocr_carea' id='block_1_108' title="bbox 2144 4619 3710 4690">
    <p class='ocr_par' dir='ltr' id='par_1_108' title="bbox 2144 4619 3710 4690">
     <span class='ocr_line' id='line_1_108' title="bbox 2144 4619 3710 4690; baseline -0.003 -12"><span class='ocrx_word' id='word_1_815' title='bbox 2144 4620 2304 4678; x_wconf 87' lang='lat' dir='ltr'><strong>sitate</strong></span> <span class='ocrx_word' id='word_1_816' title='bbox 2330 4619 2584 4676; x_wconf 82' lang='lat' dir='ltr'><strong>nimirum</strong></span> <span class='ocrx_word' id='word_1_817' title='bbox 2611 4629 2670 4674; x_wconf 86' lang='lat' dir='ltr'><strong>et</strong></span> <span class='ocrx_word' id='word_1_818' title='bbox 2705 4619 2997 4689; x_wconf 64' lang='lat' dir='ltr'><strong>ipsijudaei</strong></span> <span class='ocrx_word' id='word_1_819' title='bbox 3023 4619 3572 4690; x_wconf 56' lang='lat' dir='ltr'><strong>comprehendimus</strong></span> <span class='ocrx_word' id='word_1_820' title='bbox 3605 4619 3710 4674; x_wconf 71' lang='lat' dir='ltr'><strong>Sed</strong></span> 
     </span>
    </p>
   </div>
   <div class='ocr_carea' id='block_1_109' title="bbox 2143 4710 3706 4784">
    <p class='ocr_par' dir='ltr' id='par_1_109' title="bbox 2143 4710 3706 4784">
     <span class='ocr_line' id='line_1_109' title="bbox 2143 4710 3706 4784; baseline -0.001 -18"><span class='ocrx_word' id='word_1_821' title='bbox 2143 4712 2396 4784; x_wconf 83' lang='lat' dir='ltr'><strong>quoniam</strong></span> <span class='ocrx_word' id='word_1_822' title='bbox 2423 4710 2546 4771; x_wconf 79' lang='lat' dir='ltr'><strong>ﬁnis</strong></span> <span class='ocrx_word' id='word_1_823' title='bbox 2579 4711 2701 4768; x_wconf 87' lang='lat' dir='ltr'><strong>libri</strong></span> <span class='ocrx_word' id='word_1_824' title='bbox 2727 4710 2848 4781; x_wconf 76' lang='lat' dir='ltr'><strong>ejus</strong></span> <span class='ocrx_word' id='word_1_825' title='bbox 2865 4710 2920 4771; x_wconf 85' lang='lat' dir='ltr'><strong>in</strong></span> <span class='ocrx_word' id='word_1_826' title='bbox 2943 4710 3448 4768; x_wconf 73' lang='lat' dir='ltr'><strong>Lamentationibns</strong></span> <span class='ocrx_word' id='word_1_827' title='bbox 3470 4710 3706 4780; x_wconf 51' lang='lat' dir='ltr'><strong>pmic-</strong></span> 
     </span>
    </p>
   </div>
   <div class='ocr_carea' id='block_1_110' title="bbox 2145 4799 3710 4872">
    <p class='ocr_par' dir='ltr' id='par_1_110' title="bbox 2145 4799 3710 4872">
     <span class='ocr_line' id='line_1_110' title="bbox 2145 4799 3710 4872; baseline -0.002 -15"><span class='ocrx_word' id='word_1_828' title='bbox 2145 4803 2264 4859; x_wconf 87' lang='lat' dir='ltr'><strong>ticis</strong></span> <span class='ocrx_word' id='word_1_829' title='bbox 2311 4810 2748 4868; x_wconf 81' lang='lat' dir='ltr'><strong>consummatur,</strong></span> <span class='ocrx_word' id='word_1_830' title='bbox 2797 4801 2970 4858; x_wconf 85' lang='lat' dir='ltr'><strong>nostri</strong></span> <span class='ocrx_word' id='word_1_831' title='bbox 3027 4813 3244 4872; x_wconf 72' lang='lat' dir='ltr'><strong>quoque</strong></span> <span class='ocrx_word' id='word_1_832' title='bbox 3291 4799 3538 4870; x_wconf 61' lang='lat' dir='ltr'><strong>emendi</strong></span> <span class='ocrx_word' id='word_1_833' title='bbox 3583 4799 3710 4854; x_wconf 77' lang='lat' dir='ltr'><strong>libet</strong></span> 
     </span>
    </p>
   </div>
   <div class='ocr_carea' id='block_1_111' title="bbox 2143 4891 3708 4964">
    <p class='ocr_par' dir='ltr' id='par_1_111' title="bbox 2143 4891 3708 4964">
     <span class='ocr_line' id='line_1_111' title="bbox 2143 4891 3708 4964; baseline -0.004 -15"><span class='ocrx_word' id='word_1_834' title='bbox 2143 4893 2302 4950; x_wconf 87' lang='lat' dir='ltr'><strong>ﬁnem</strong></span> <span class='ocrx_word' id='word_1_835' title='bbox 2324 4893 2675 4964; x_wconf 76' lang='lat' dir='ltr'><strong>querimoniis</strong></span> <span class='ocrx_word' id='word_1_836' title='bbox 2703 4901 2756 4947; x_wconf 89' lang='lat' dir='ltr'><strong>et</strong></span> <span class='ocrx_word' id='word_1_837' title='bbox 2807 4891 3022 4950; x_wconf 79' lang='lat' dir='ltr'><strong>ﬂetibus</strong></span> <span class='ocrx_word' id='word_1_838' title='bbox 3057 4891 3372 4956; x_wconf 64' lang='lat' dir='ltr'><strong>term.</strong></span> <span class='ocrx_word' id='word_1_839' title='bbox 3396 4905 3560 4960; x_wconf 73' lang='lat' dir='ltr'><strong>quem</strong></span> <span class='ocrx_word' id='word_1_840' title='bbox 3587 4904 3708 4960; x_wconf 80' lang='lat' dir='ltr'><strong>pro-</strong></span> 
     </span>
    </p>
   </div>
   <div class='ocr_carea' id='block_1_112' title="bbox 2141 4979 3706 5054">
    <p class='ocr_par' dir='ltr' id='par_1_112' title="bbox 2141 4979 3706 5054">
     <span class='ocr_line' id='line_1_112' title="bbox 2141 4979 3706 5054; baseline -0.001 -14"><span class='ocrx_word' id='word_1_841' title='bbox 2141 4985 2258 5054; x_wconf 87' lang='lat' dir='ltr'><strong>pria</strong></span> <span class='ocrx_word' id='word_1_842' title='bbox 2297 4984 2556 5050; x_wconf 82' lang='lat' dir='ltr'><strong>miseria,</strong></span> <span class='ocrx_word' id='word_1_843' title='bbox 2608 4991 2666 5042; x_wconf 82' lang='lat' dir='ltr'><strong>et</strong></span> <span class='ocrx_word' id='word_1_844' title='bbox 2717 4983 2823 5040; x_wconf 88' lang='lat' dir='ltr'><strong>mei</strong></span> <span class='ocrx_word' id='word_1_845' title='bbox 2873 4982 3132 5040; x_wconf 84' lang='lat' dir='ltr'><strong>similium</strong></span> <span class='ocrx_word' id='word_1_846' title='bbox 3183 4989 3394 5044; x_wconf 72' lang='lat' dir='ltr'><strong>terrent</strong></span> <span class='ocrx_word' id='word_1_847' title='bbox 3427 4979 3706 5045; x_wconf 67' lang='lat' dir='ltr'><strong>faciam.</strong></span> 
     </span>
    </p>
   </div>
   <div class='ocr_carea' id='block_1_113' title="bbox 2143 5071 3704 5148">
    <p class='ocr_par' dir='ltr' id='par_1_113' title="bbox 2143 5071 3704 5148">
     <span class='ocr_line' id='line_1_113' title="bbox 2143 5071 3704 5148; baseline -0.003 -17"><span class='ocrx_word' id='word_1_848' title='bbox 2143 5077 2442 5148; x_wconf 78' lang='lat' dir='ltr'><strong>fumraeque</strong></span> <span class='ocrx_word' id='word_1_849' title='bbox 2489 5089 2667 5147; x_wconf 63' lang='lat' dir='ltr'><strong>pinnae</strong></span> <span class='ocrx_word' id='word_1_850' title='bbox 2733 5075 3013 5134; x_wconf 81' lang='lat' dir='ltr'><strong>horrorem</strong></span> <span class='ocrx_word' id='word_1_851' title='bbox 3089 5075 3362 5148; x_wconf 77' lang='lat' dir='ltr'><strong>incutiunt</strong></span> <span class='ocrx_word' id='word_1_852' title='bbox 3409 5071 3704 5144; x_wconf 64' lang='lat' dir='ltr'><strong>supplicia,</strong></span> 
     </span>
    </p>
   </div>
   <div class='ocr_carea' id='block_1_114' title="bbox 2141 5163 3707 5239">
    <p class='ocr_par' dir='ltr' id='par_1_114' title="bbox 2141 5163 3707 5239">
     <span class='ocr_line' id='line_1_114' title="bbox 2141 5163 3707 5239; baseline -0.002 -16"><span class='ocrx_word' id='word_1_853' title='bbox 2141 5168 2230 5224; x_wconf 78' lang='lat' dir='ltr'><strong>cui</strong></span> <span class='ocrx_word' id='word_1_854' title='bbox 2281 5167 2394 5238; x_wconf 87' lang='lat' dir='ltr'><strong>jam</strong></span> <span class='ocrx_word' id='word_1_855' title='bbox 2445 5165 2630 5222; x_wconf 91' lang='lat' dir='ltr'><strong>mundi</strong></span> <span class='ocrx_word' id='word_1_856' title='bbox 2679 5164 2918 5222; x_wconf 71' lang='lat' dir='ltr'><strong>delectus</strong></span> <span class='ocrx_word' id='word_1_857' title='bbox 2947 5165 3342 5236; x_wconf 73' lang='lat' dir='ltr'><strong>gravitudinom</strong></span> <span class='ocrx_word' id='word_1_858' title='bbox 3393 5163 3609 5239; x_wconf 56' lang='lat' dir='ltr'><strong>insuit,</strong></span> <span class='ocrx_word' id='word_1_859' title='bbox 3649 5171 3707 5220; x_wconf 74' lang='lat' dir='ltr'><strong>el</strong></span> 
     </span>
    </p>
   </div>
   <div class='ocr_carea' id='block_1_115' title="bbox 2143 5244 3710 5330">
    <p class='ocr_par' dir='ltr' id='par_1_115' title="bbox 2143 5244 3710 5330">
     <span class='ocr_line' id='line_1_115' title="bbox 2143 5244 3710 5330; baseline -0.004 -14"><span class='ocrx_word' id='word_1_860' title='bbox 2143 5267 2322 5316; x_wconf 83' lang='lat' dir='ltr'><strong>metus</strong></span> <span class='ocrx_word' id='word_1_861' title='bbox 2366 5257 2530 5314; x_wconf 79' lang='lat' dir='ltr'><strong>futuri</strong></span> <span class='ocrx_word' id='word_1_862' title='bbox 2589 5257 2856 5324; x_wconf 63' lang='lat' dir='ltr'><strong>examinis</strong></span> <span class='ocrx_word' id='word_1_863' title='bbox 2917 5255 3280 5330; x_wconf 62' lang='grc' dir='ltr'><strong>Μαιναλίη-κω</strong></span> <span class='ocrx_word' id='word_1_864' title='bbox 3337 5256 3560 5316; x_wconf 62' lang='lat' dir='ltr'><strong>“enim</strong></span> <span class='ocrx_word' id='word_1_865' title='bbox 3595 5244 3710 5325; x_wconf 66' lang='lat' dir='ltr'><strong>:per&#39;</strong></span> 
     </span>
    </p>
   </div>
   <div class='ocr_carea' id='block_1_116' title="bbox 2141 5347 3704 5420">
    <p class='ocr_par' dir='ltr' id='par_1_116' title="bbox 2141 5347 3704 5420">
     <span class='ocr_line' id='line_1_116' title="bbox 2141 5347 3704 5420; baseline -0.003 -13"><span class='ocrx_word' id='word_1_866' title='bbox 2141 5347 2414 5406; x_wconf 76' lang='lat' dir='ltr'><strong>maxillam</strong></span> <span class='ocrx_word' id='word_1_867' title='bbox 2439 5349 2709 5420; x_wconf 71' lang='lat' dir='ltr'><strong>producit.</strong></span> <span class='ocrx_word' id='word_1_868' title='bbox 2733 5356 2794 5404; x_wconf 90' lang='lat' dir='ltr'><strong>ut</strong></span> <span class='ocrx_word' id='word_1_869' title='bbox 2813 5349 3122 5418; x_wconf 78' lang='lat' dir='ltr'><strong>deprecatio</strong></span> <span class='ocrx_word' id='word_1_870' title='bbox 3151 5358 3354 5412; x_wconf 70' lang='lat' dir='ltr'><strong>unum</strong></span> <span class='ocrx_word' id='word_1_871' title='bbox 3379 5347 3704 5410; x_wconf 60' lang='lat' dir='ltr'><strong>humilitati</strong></span> 
     </span>
    </p>
   </div>
   <div class='ocr_carea' id='block_1_117' title="bbox 2141 5437 3702 5512">
    <p class='ocr_par' dir='ltr' id='par_1_117' title="bbox 2141 5437 3702 5512">
     <span class='ocr_line' id='line_1_117' title="bbox 2141 5437 3702 5512; baseline -0.001 -15"><span class='ocrx_word' id='word_1_872' title='bbox 2141 5441 2208 5497; x_wconf 85' lang='lat' dir='ltr'><strong>ad</strong></span> <span class='ocrx_word' id='word_1_873' title='bbox 2287 5440 2670 5512; x_wconf 84' lang='lat' dir='ltr'><strong>indulgentiam</strong></span> <span class='ocrx_word' id='word_1_874' title='bbox 2747 5448 3004 5510; x_wconf 69' lang='lat' dir='ltr'><strong>provocet</strong></span> <span class='ocrx_word' id='word_1_875' title='bbox 3068 5439 3413 5499; x_wconf 74' lang='lat' dir='ltr'><strong>clementiam</strong></span> <span class='ocrx_word' id='word_1_876' title='bbox 3485 5437 3702 5508; x_wconf 60' lang='grc' dir='ltr'><strong>εφοηιὶ</strong></span> 
     </span>
    </p>
   </div>
   <div class='ocr_carea' id='block_1_118' title="bbox 2135 5530 3704 5603">
    <p class='ocr_par' dir='ltr' id='par_1_118' title="bbox 2135 5530 3704 5603">
     <span class='ocr_line' id='line_1_118' title="bbox 2135 5530 3704 5603; baseline 0.004 -19"><span class='ocrx_word' id='word_1_877' title='bbox 2135 5530 2352 5603; x_wconf 70' lang='lat' dir='ltr'><strong>judicis,</strong></span> <span class='ocrx_word' id='word_1_878' title='bbox 2409 5531 2586 5586; x_wconf 84' lang='lat' dir='ltr'><strong>Metuo</strong></span> <span class='ocrx_word' id='word_1_879' title='bbox 2631 5530 2778 5589; x_wconf 81' lang='lat' dir='ltr'><strong>enim</strong></span> <span class='ocrx_word' id='word_1_880' title='bbox 2807 5531 2948 5588; x_wconf 89' lang='lat' dir='ltr'><strong>diem</strong></span> <span class='ocrx_word' id='word_1_881' title='bbox 2987 5531 3198 5601; x_wconf 72' lang='lat' dir='ltr'><strong>iudicii.</strong></span> <span class='ocrx_word' id='word_1_882' title='bbox 3251 5540 3432 5591; x_wconf 72' lang='lat' dir='ltr'><strong>metuo</strong></span> <span class='ocrx_word' id='word_1_883' title='bbox 3457 5531 3704 5595; x_wconf 63' lang='lat' dir='ltr'><strong>tenellul-</strong></span> 
     </span>
    </p>
   </div>
   <div class='ocr_carea' id='block_1_119' title="bbox 2143 5623 3703 5704">
    <p class='ocr_par' dir='ltr' id='par_1_119' title="bbox 2143 5623 3703 5704">
     <span class='ocr_line' id='line_1_119' title="bbox 2143 5623 3703 5704; baseline 0.001 -26"><span class='ocrx_word' id='word_1_884' title='bbox 2143 5640 2264 5682; x_wconf 85' lang='lat' dir='ltr'><strong>rum</strong></span> <span class='ocrx_word' id='word_1_885' title='bbox 2293 5625 2452 5688; x_wconf 86' lang='lat' dir='ltr'><strong>diem,</strong></span> <span class='ocrx_word' id='word_1_886' title='bbox 2487 5623 2628 5686; x_wconf 83' lang='lat' dir='ltr'><strong>diem</strong></span> <span class='ocrx_word' id='word_1_887' title='bbox 2657 5625 2799 5680; x_wconf 61' lang='lat' dir='ltr'><strong>tuba:</strong></span> <span class='ocrx_word' id='word_1_888' title='bbox 2850 5623 2992 5686; x_wconf 76' lang='lat' dir='ltr'><strong>diem</strong></span> <span class='ocrx_word' id='word_1_889' title='bbox 3023 5637 3304 5704; x_wconf 71' lang='lat' dir='ltr'><strong>amarum,</strong></span> <span class='ocrx_word' id='word_1_890' title='bbox 3334 5624 3482 5682; x_wconf 80' lang='lat' dir='ltr'><strong>diem</strong></span> <span class='ocrx_word' id='word_1_891' title='bbox 3511 5623 3703 5680; x_wconf 62' lang='lat' dir='ltr'><strong>durum</strong></span> 
     </span>
    </p>
   </div>
   <div class='ocr_carea' id='block_1_120' title="bbox 2145 5715 3702 5799">
    <p class='ocr_par' dir='ltr' id='par_1_120' title="bbox 2145 5715 3702 5799">
     <span class='ocr_line' id='line_1_120' title="bbox 2145 5715 3702 5799; baseline 0.001 -25"><span class='ocrx_word' id='word_1_892' title='bbox 2145 5726 2200 5780; x_wconf 80' lang='lat' dir='ltr'><strong>et</strong></span> <span class='ocrx_word' id='word_1_893' title='bbox 2249 5718 2477 5784; x_wconf 78' lang='lat' dir='ltr'><strong>tristem.</strong></span> <span class='ocrx_word' id='word_1_894' title='bbox 2525 5715 2804 5799; x_wconf 74' lang='lat' dir='ltr'><strong>Perpendo</strong></span> <span class='ocrx_word' id='word_1_895' title='bbox 2838 5717 3061 5792; x_wconf 80' lang='lat' dir='ltr'><strong>quidem</strong></span> <span class='ocrx_word' id='word_1_896' title='bbox 3095 5718 3308 5790; x_wconf 81' lang='lat' dir='ltr'><strong>malum</strong></span> <span class='ocrx_word' id='word_1_897' title='bbox 3335 5717 3478 5796; x_wconf 80' lang='lat' dir='ltr'><strong>quod</strong></span> <span class='ocrx_word' id='word_1_898' title='bbox 3513 5716 3702 5790; x_wconf 72' lang='lat' dir='ltr'><strong>tolera.</strong></span> 
     </span>
    </p>
   </div>
  </div>
