4056 6336
320 394 463 454 ηαδ

1200 382 1563 447 EXPOSITIO
1601 384 1828 444 SUPER
1864 381 2229 443 JEREMIAM.
2264 372 2342 430 ἒ·-
2372 386 2503 445 LIB.
2542 385 2663 445 XX.

3437 381 3577 439 1270

325 512 421 572 sed
462 505 696 584 amplius
738 505 883 581 quod
934 510 1108 565 restat
1127 502 1379 561 formido.
1409 501 1540 571 Quae
1568 500 1624 556 in
1655 501 1757 555 hac
1780 498 1892 553 vita
1918 497 2098 563 Amit
2142 514 2353 567 manus,
2390 500 2454 554 de
2500 514 2608 571 qua
2651 498 2912 556 evadendi
2961 498 3141 561 nullus
3188 504 3337 568 patet
3378 466 3575 552 exitus.

323 604 436 677 jam
479 602 659 675 patior
707 598 885 671 lugeo.
946 595 1055 654 Sed
1112 602 1234 673 post
1285 596 1426 653 hanc
1476 591 1803 649 sententiam
1832 604 1902 645 ne

322 698 574 772 graviora
617 694 798 767 patiar
838 690 1187 764 pertimesco.
1219 686 1371 757 Licet
1411 687 1527 761 jam
1574 686 1801 742 tolerem
1845 683 1902 741 in

303 804 486 863 prona
521 794 818 852 tormenta,
858 790 1040 844 tamen
1062 782 1323 853 gehennae
1378 779 1610 836 formido
1636 777 1793 833 valde
1815 791 1903 833 me

328 882 535 941 cruciat
579 895 648 936 ex
695 877 872 957 culpa.
901 874 1022 932 iam
1059 886 1299 947 praesens
1347 886 1507 949 poma
1558 871 1761 938 laniat,
1809 869 1904 927 sed

328 975 507 1033 futura
534 971 706 1046 magis
726 967 1031 1025 conturbat.
1061 966 1262 1023 Gravia
1308 971 1433 1021 sunt
1476 980 1595 1037 qua:
1639 964 1899 1029 sustineo,

328 1064 575 1137 graviora
606 1061 663 1119 in
705 1067 1022 1135 perpetuum
1052 1058 1234 1115 timeo.
1285 1056 1490 1115 Civitas
1537 1071 1668 1131 ergo
1720 1063 1903 1115 nostra

328 1159 556 1216 interna,
582 1168 743 1225 quam
770 1151 1011 1223 angelica
1048 1149 1323 1220 quondam
1370 1149 1608 1205 vallabat
1630 1147 1899 1213 custodia,

324 1248 469 1305 intra
494 1246 620 1303 fidei
650 1254 799 1317 septa
814 1245 1076 1301 virtutum
1099 1243 1407 1301 abundabat
1424 1242 1601 1315 copia,
1625 1251 1677 1297 et
1704 1240 1904 1297 dudum

328 1339 512 1394 carnis
542 1336 832 1395 desideriis
856 1335 1154 1401 dominata,
1178 1324 1337 1390 modo
1376 1349 1472 1403 per
1498 1334 1612 1404 ipsa
1639 1331 1906 1389 desideria

321 1428 469 1499 jacet
527 1428 781 1485 destituta
808 1464 825 1496 ,
879 1427 1266 1496 variorumque
1314 1425 1579 1482 scelerum
1622 1423 1905 1499 peccando

329 1522 580 1577 hostibus
597 1521 759 1576 solvit
782 1520 1002 1574 tributa.
1032 1518 1184 1575 [inde
1224 1518 1587 1589 lacrymarum
1629 1516 1685 1571 in
1717 1513 1907 1569 maxil—

328 1609 396 1667 lis
424 1612 541 1683 ejus
566 1608 785 1683 proﬂuit
814 1607 995 1673 ﬂetus,
1020 1617 1074 1665 et
1104 1608 1348 1679 ploratus
1374 1606 1460 1663 die
1487 1622 1551 1662 ac
1588 1613 1745 1662 nocte
1780 1620 1908 1675 pro-

332 1705 578 1760 funditur
598 1719 835 1771 amarus,
873 1702 1160 1773 nullusque
1198 1711 1283 1756 est
1320 1701 1412 1770 qui
1460 1698 1764 1755 consoletur
1786 1712 1907 1753 eam

329 1810 396 1851 ex
419 1793 671 1851 omnibus
699 1794 882 1850 charis
907 1794 1044 1871 ejus,
1080 1793 1205 1864 quia
1240 1792 1330 1860 qui
1361 1790 1630 1867 quondam
1659 1790 1713 1845 in
1760 1788 1907 1845 dele-

2006 589 2273 661 Magniﬁci
2308 592 2503 658 nostri,
2535 591 2626 662 qui
2663 607 2763 649 nos
2800 592 3130 657 nutriebant,
3147 589 3310 645 ablati
3347 597 3498 656 sunt,
3522 593 3580 646 et

1984 683 2255 767 doctores
2283 684 2453 741 nostri
2476 693 2699 755 propter
2718 692 2943 755 peccata
2975 672 3159 739 nostra
3187 682 3408 739 contriti
3428 687 3575 737 sunt.

2007 775 2133 832 Sola
2158 790 2256 831 nos
2280 777 2478 849 premit
2500 776 2737 845 miseria,
2766 792 2903 848 quos
2933 775 3135 831 nullius
3151 773 3265 846 jam
3286 775 3580 831 consolan-

2006 876 2095 924 tur
2122 868 2331 924 solatia.
2370 867 2664 924 Vindicans
2691 869 2951 925 Dominus
2987 876 3207 943 peccata
3256 876 3439 927 nostra
3474 867 3583 923 cal-

2006 957 2149 1013 cavit
2192 957 2447 1025 torcular,
2477 958 2680 1015 idcirco
2710 956 2931 1017 ﬂetuum
2977 965 3287 1015 nostrorum
3322 957 3588 1023 redundat

2005 1049 2248 1107 lacunar.
2306 1050 2441 1105 Tota
2473 1050 2559 1106 die
2603 1050 2669 1109 ad
2709 1049 3084 1109 auxiliatorem
3115 1060 3360 1113 nostrum
3391 1065 3584 1107 manus

1988 1142 2279 1199 tendimus
2310 1142 2681 1213 expandenda,
2713 1150 2771 1197 et
2792 1157 2951 1201 nemo
2976 1143 3134 1199 nobis
3159 1143 3429 1203 succurrit
3454 1158 3583 1199 con-

2006 1234 2325 1292 solationem
2373 1235 2679 1304 praebendo.
2728 1232 2872 1295 Inter
2928 1235 3112 1293 hostes
3162 1250 3381 1302 sumus,
3433 1235 3587 1307 quasi

2004 1324 2207 1397 polluta
2230 1325 2542 1390 menstruis,
2569 1333 2623 1379 et
2640 1340 2800 1381 nemo
2831 1342 2930 1385 nos
2958 1326 3185 1381 mundat
3207 1341 3347 1396 aqua
3370 1326 3588 1395 superni

2007 1415 2260 1472 ﬂuminis.
2288 1414 2473 1471 Justus
2493 1431 2570 1481 es,
2588 1415 2830 1481 Domine,
2859 1417 2914 1472 in
2933 1417 3185 1475 omnibus
3209 1416 3422 1501 iudiciis
3461 1418 3586 1481 tuis,

2008 1510 2134 1579 quia
2162 1520 2213 1564 te
2252 1509 2319 1565 ad
2342 1510 2679 1567 iracundiam
2708 1508 3125 1581 provocavimus
3151 1508 3329 1565 noxiis
3350 1508 3618 1581 peccatis,

2008 1602 2228 1656 nostris.
2263 1601 2537 1657 Attendite
2561 1601 2800 1657 dolorem
2824 1610 3090 1666 nostrum.
3115 1602 3355 1659 universi
3382 1600 3588 1673 populi,

2009 1700 2062 1747 et
2090 1693 2323 1749 miseria:
2341 1701 2542 1749 nostrae
2570 1710 2764 1765 magno
2777 1693 2959 1753 animo
2988 1693 3413 1765 compatiatnini.
3438 1692 3591 1748 Ami-

2012 1800 2104 1840 cos
2133 1801 2268 1861 quos
2296 1787 2619 1859 putabamus
2666 1801 2784 1842 esse
2821 1785 2978 1847 nobis
3022 1785 3391 1853 ﬁdelissimos,
3437 1786 3592 1841 inve-

331 1887 663 1944 ctationibus
686 1887 854 1942 variis
888 1861 1207 1941 videbantur
1224 1897 1344 1940 esse
1376 1861 1556 1948 amici,
1579 1882 1739 1938 modo
1763 1897 1912 1952 sper-
1937 1861 1987 1922 B
2015 1877 2192 1933 nimus
2214 1876 2462 1933 inimicos
2504 1894 2625 1935 esse
2649 1879 3034 1945 atrocissimos,
3072 1879 3164 1951 qui
3205 1878 3362 1935 nobis
3388 1877 3595 1949 promi-

327 1987 519 2037 nentes
531 1978 790 2050 dejectam
804 1977 918 2033 veri
933 1978 1291 2033 ostenduntur
1304 1992 1423 2032 esse
1444 1975 1669 2033 inimici.
1686 1974 1911 2049 Captiva

329 2069 598 2126 ductaest
639 2070 866 2127 intentio
915 2077 1100 2125 nostra
1129 2069 1183 2127 in
1232 2076 1376 2124 terra
1405 2069 1662 2127 vitiorum
1713 2069 1906 2137 aliena,

328 2159 420 2217 ubi
442 2175 552 2215 non
577 2158 782 2217 invenit
806 2161 1064 2231 requiem,
1092 2160 1344 2216 omnibus
1387 2160 1595 2215 solatiis
1629 2159 1904 2228 destituta,

326 2253 455 2324 quia
495 2267 687 2309 omnes
713 2253 831 2327 ejus
855 2262 1248 2324 persecutores,
1282 2252 1371 2322 qui
1408 2252 1542 2311 falso
1590 2252 1913 2315 videbantur

337 2360 462 2401 esse
487 2346 655 2417 ipsius
683 2353 971 2411 amatores,
998 2346 1113 2403 veri
1140 2362 1237 2417 per
1263 2345 1445 2403 omnia
1468 2346 1521 2400 in
1550 2345 1657 2401 ﬁne
1679 2346 1914 2417 proban-

331 2445 423 2492 tur
442 2439 561 2509 ejus
604 2437 721 2493 ﬁeri
751 2452 1031 2495 exosores.
1080 2437 1233 2494 Und:
1256 2452 1405 2493 nunc
1454 2437 1695 2510 lugubris
1723 2437 1777 2491 in
1800 2435 1914 2493 exi-

332 2527 423 2583 tiis
442 2527 556 2583 suis
581 2536 783 2594 exstat,
803 2541 908 2585 nec
933 2527 1039 2585 ulla
1080 2526 1390 2584 festivitatis
1433 2526 1618 2583 laetitia
1642 2527 1912 2595 exhilarat

329 2621 519 2675 sensus
550 2620 875 2683 exteriores,
925 2635 1022 2692 per
1060 2635 1201 2691 quos
1254 2618 1433 2677 aditus
1479 2618 1623 2674 intro
1668 2618 1911 2675 hostibus

327 2708 567 2779 patebat.
596 2709 762 2771 Latro
792 2710 1101 2777 seditiosus,
1139 2709 1297 2766 saevis
1342 2709 1552 2769 catenis
1584 2710 1909 2781 captivahat.

332 2800 673 2863 Unde'variis
693 2804 842 2860 vitiis
882 2811 1009 2863 sunt
1036 2804 1413 2873 contaminati,
1444 2805 1573 2877 quia
1602 2804 1914 2861 doctoribus

324 2897 448 2955 suis
494 2912 603 2954 non
648 2899 982 2957 exhibebant
1032 2898 1396 2955 obedientiam
1451 2898 1723 2968 prmeepti.
1777 2897 1913 2954 Hinc

325 2985 670 3048 continentia
707 2992 829 3063 ejus
854 3000 1078 3061 apparet
1104 2991 1372 3061 squalida,
1415 2999 1469 3049 et
1500 2992 1613 3063 ipsa
1653 2992 1914 3047 amaritu-

330 3088 458 3144 dine
482 3096 826 3159 peccatorum
853 3094 937 3143 est
976 3100 1253 3159 oppressa.
1288 3086 1484 3145 Hostes
1510 3088 1656 3144 illius
1707 3095 1835 3142 sunt
1856 3086 1913 3142 in

328 3178 529 3250 capite,
554 3188 615 3234 et
643 3178 846 3237 inimici
872 3178 1057 3248 iniqua
1093 3185 1319 3233 utuntur
1348 3178 1400 3232 in
1429 3193 1495 3235 ea
1524 3177 1937 3241 dominatione;

328 3279 553 3341 propter
586 3267 985 3329 multitudinem
1034 3270 1182 3325 enim
1227 3269 1569 3340 iniquitatum
1618 3268 1753 3339 ejus,
1788 3278 1913 3324 ante

328 3359 521 3419 factum
545 3360 854 3421 ulbutantis
878 3359 1146 3415 ducentur
1179 3359 1378 3429 captivi
1410 3358 1620 3429 parvuli
1644 3359 1914 3428 cogitatus

328 3449 469 3517 eius.
499 3447 839 3519 Spoliataest
861 3462 991 3519 ergo
1017 3448 1127 3507 tilia
1158 3449 1308 3515 Sion,
1335 3465 1458 3518 qua:
1485 3450 1755 3518 quondam
1778 3463 1916 3519 pura

332 3546 514 3599 mente
544 3538 1016 3608 contemplabatur
1059 3537 1228 3593 Deum
1253 3540 1401 3594 omni
1429 3539 1624 3593 decore
1656 3554 1772 3593 suo.
1807 3538 1916 3593 Nec

327 3629 440 3699 jam
480 3630 705 3699 spiritus
728 3630 899 3685 utitur
932 3630 1237 3699 principatu
1275 3645 1395 3699 suo,
1418 3631 1517 3686 sed
1543 3646 1726 3686 coram
1763 3631 1918 3687 hoste

331 3730 690 3793 procedente
723 3723 964 3792 quotidie
1015 3723 1225 3780 corruit
1270 3725 1511 3797 antiquo.
1574 3725 1917 3781 Recordatur

332 3811 675 3875 Hierusalem
724 3821 935 3880 nostra,
965 3821 1020 3869 et
1049 3814 1323 3883 quondam
1366 3814 1506 3871 visio
1540 3816 1711 3886 pacis,
1746 3816 1801 3870 iu
1826 3817 1915 3873 die

336 3906 563 3961 interna
613 3905 921 3969 aﬂliotionis
965 3922 1077 3969 suae
1124 3915 1182 3970 et
1231 3922 1363 3963 casu
1402 3923 1616 3980 magna:
1662 3909 1914 3977 miseriae,

334 3999 576 4070 plistiam
600 3998 825 4066 laetitia,
846 4006 906 4057 et
947 4000 1073 4058 inde
1106 4016 1227 4059 eam
1254 4010 1505 4071 prement
1516 4014 1730 4073 magnae
1752 4019 1922 4075 angu~

334 4089 474 4155 stic,
502 4102 629 4149 eam
652 4090 842 4149 hostes
871 4090 1122 4149 derident
1157 4089 1279 4160 eius
1299 4092 1434 4159 otia,
1465 4100 1520 4148 et
1561 4093 1738 4150 nullus
1763 4092 1921 4151 aﬂert

334 4191 641 4251 opportuna
662 4182 876 4243 soluta.
908 4182 1196 4243 Peccatum
1225 4187 1492 4256 peccavit,
1516 4196 1573 4244 et
1602 4188 1723 4245 ideo
1750 4188 1920 4244 insta-

333 4274 460 4337 bilis
502 4273 646 4331 facta
688 4276 904 4333 cecidit.
950 4276 1153 4336 Omnes
1183 4280 1275 4349 qui
1300 4293 1423 4336 eam
1477 4289 1603 4338 ante
1652 4282 1919 4339 adulando

332 4367 711 4439 gbritioabant
752 4379 940 4441 postea
988 4372 1235 4428 videntes
1263 4373 1614 4443 ignominiam
1648 4375 1768 4446 ejus
1792 4391 1923 4431 con—

340 4460 634 4514 temnendo
657 4461 1009 4529 spernebant.
1051 4462 1281 4519 Gressus
1306 4465 1422 4535 ejus
1467 4466 1778 4535 squalentes
1804 4483 1923 4525 sor-

2012 1978 2195 2028 serant
2228 1980 2543 2043 perpetuam
2574 1986 2784 2042 pacem,
2815 1971 2919 2043 ipsi
2967 1971 3268 2035 insidiando
3322 1985 3596 2043 praepara-

2012 2069 2207 2121 verant
2254 2070 2515 2119 aeternam
2580 2062 2970 2133 captivitatem.
3031 2061 3329 2133 Propterea
3391 2060 3595 2125 amaris

2015 2152 2211 2212 tudine
2223 2155 2368 2210 intus
2389 2154 2531 2228 pleni
2553 2169 2760 2220 sumus,
2784 2163 2841 2210 et
2863 2154 2996 2209 foris
3014 2155 3081 2209 ad
3104 2154 3462 2213 occidendum
3484 2150 3601 2225 gla-

2012 2251 2102 2307 dio
2134 2250 2372 2309 hostium
2412 2249 2595 2305 traditi
2638 2265 2846 2305 sumus.
2879 2248 3126 2315 Gemitus
3162 2248 3339 2305 nostri
3372 2241 3597 2320 [nullus]

2013 2344 2341 2411 consolator,
2356 2345 2483 2416 quia
2506 2342 2910 2403 vociferationis
2929 2351 3129 2399 nostra:
3149 2341 3328 2407 nullus
3342 2347 3430 2397 est
3448 2338 3600 2395 audi-

2013 2452 2120 2503 tor.
2144 2435 2348 2501 Omnes
2372 2442 2577 2501 inimici
2607 2440 2776 2497 nostri
2798 2439 3000 2499 malum
3020 2447 3269 2496 nostrum
3291 2436 3599 2502 audierunt,

2013 2546 2070 2592 et
2088 2536 2213 2605 quia
2239 2534 2498 2593 Dominus
2518 2548 2618 2589 nos
2636 2531 2928 2601 dereliquit
2956 2529 3151 2600 gaudio
3167 2527 3597 2587 exsultaverunt.

2012 2628 2375 2699 lngrediatur,
2404 2625 2652 2691 Domine,
2675 2623 2936 2695 iniquitas
2959 2637 3152 2685 eorum
3199 2634 3384 2679 coram
3440 2625 3510 2684 te,
3546 2623 3603 2671 et

2011 2719 2184 2777 redde
2211 2719 2292 2775 eis
2330 2718 2505 2775 vicem
2554 2716 2706 2785 mali,
2739 2714 2885 2785 quod
2939 2719 3229 2784 gesserunt
3254 2718 3448 2775 contra
3478 2722 3600 2774 nos,

2013 2814 2072 2869 in
2094 2821 2288 2869 morte.
2330 2811 2498 2869 lsrael
2527 2825 2684 2867 suum
2727 2810 2795 2865 de
2830 2808 2972 2869 celo
2996 2806 3256 2867 Dominus
3283 2803 3507 2875 projecit
3548 2801 3605 2856 in

2016 2914 2239 2969 terram,
2297 2917 2399 2963 nec
2440 2911 2529 2959 est
2567 2901 2890 2961 recordatus
2941 2896 3162 2957 scabelli
3210 2895 3321 2961 sui,
3376 2901 3603 2966 propter

2016 2997 2507 3068 transgressionem
2546 2995 2773 3051 nimiam
2817 2992 3181 3065 praecipitavit
3201 2989 3394 3049 Iacob.
3424 2986 3602 3073 Muni-
3654 3030 3665 3039 .

2016 3091 2194 3148 tiones
2226 3092 2346 3163 ejus
2373 3092 2701 3163 sopbistieas
2722 3090 2779 3145 in
2800 3088 2987 3147 furore
3027 3087 3317 3153 destruxit,
3347 3098 3604 3156 regnum-

2018 3197 2123 3252 que
2146 3183 2316 3253 ipsius
2340 3192 2398 3238 et
2420 3183 2698 3254 principes
2727 3181 2783 3236 in
2810 3189 3016 3237 terram
3051 3177 3359 3250 dejiciendo
3386 3174 3601 3247 polluit.

2015 3274 2063 3329 Δ
2094 3273 2229 3330 facie
2255 3274 2462 3330 inimici
2507 3275 2789 3330 dexteram
2830 3288 2988 3329 suam
3040 3272 3261 3338 avertit,
3289 3277 3346 3328 et
3390 3269 3603 3340 plebem

2012 3364 2174 3420 suam
2216 3365 2378 3435 quasi
2428 3364 2650 3421 ﬂamma
2694 3364 2965 3422 devotam
3018 3362 3377 3433 «insumpsit.
3404 3360 3607 3417 Arcuit.

2012 3472 2175 3513 suum
2202 3458 2361 3527 quasi
2412 3458 2669 3513 inimicus
2725 3457 2977 3525 tetendit,
3004 3464 3065 3513 et
3108 3470 3272 3512 omne
3302 3454 3449 3526 quod
3484 3453 3609 3524 pul-

2017 3550 2209 3604 chrum
2267 3558 2388 3604 emt
2422 3550 2541 3604 visu
2584 3549 2805 3605 occidit.
2854 3548 3021 3616 Quasi
3074 3550 3298 3604 hortum
3351 3547 3607 3603 taberna-

2017 3640 2200 3695 culum
2226 3656 2385 3696 suum
2418 3641 2723 3711 dissipavit,
2749 3650 2808 3696 et
2835 3652 3055 3707 omnem
3086 3639 3441 3696 festivitatem
3474 3635 3607 3692 Sion

2017 3734 2277 3794 oblivioni
2308 3734 2551 3790 tradidit.
2582 3733 2801 3803 Repulit
2820 3732 3084 3789 Dominus
3113 3729 3604 3787 sanetiiicationem

2018 3843 2194 3894 suam,
2223 3836 2278 3883 et
2306 3842 2524 3882 murum
2544 3825 2678 3883 Sion
2708 3826 3010 3897 dissipavit.
3042 3825 3149 3883 Per
3171 3825 3468 3881 vindictam
3486 3822 3605 3879 for-

2020 3920 2290 3977 tissimam
2331 3919 2567 3992 perdidit
2598 3919 2913 3975 sacerdotes
2952 3916 3069 3987 ejus
3093 3928 3150 3974 et
3176 3916 3471 3989 principes,
3505 3928 3609 3970 nec

2016 4012 2298 4083 prophetis
2326 4010 2443 4080 ejus
2475 4010 2730 4066 revelata
2774 4018 2903 4065 sunt
2924 4008 3121 4066 divina
3141 4008 3400 4063 visiones.
3430 4005 3606 4062 Senes

2020 4104 2144 4161 tiliae
2165 4104 2296 4161 Sion
2321 4106 2720 4171 conticuerunt,
2747 4111 2804 4160 et
2823 4104 3061 4173 virgines
3082 4101 3201 4172 ejus
3230 4102 3492 4159 accinctae
3522 4100 3604 4155 ci-
3687 4100 3695 4111 ’

2021 4197 2162 4253 liciis
2193 4197 2590 4270 ingemuerunt.
2640 4196 2777 4252 Hinc
2804 4209 3021 4267 quoque
3073 4195 3216 4252 oculi
3246 4194 3423 4250 nostri
3452 4191 3603 4248 defe-

2019 4296 2215 4345 cerunt
2242 4302 2355 4358 pm
2380 4288 2656 4359 taerymis,
2714 4300 2839 4343 eum
2866 4287 3114 4344 viderent
3140 4285 3397 4358 parvulos
3438 4294 3500 4342 et
3529 4285 3607 4340 la-

2020 4388 2233 4438 ctantes
2248 4380 2388 4436 fame
2411 4381 2645 4437 deiicere
2666 4382 2720 4436 in
2738 4380 2956 4452 plateis.
2977 4379 3023 4437 0
3048 4366 3375 4452 speculatrix
3394 4387 3605 4448 nostra,

2021 4481 2078 4528 et
2113 4489 2215 4529 arx
2269 4472 2399 4529 Sion
2446 4474 2721 4544 quondam
2767 4472 3170 4543 pulcherrima,
3214 4474 3495 4544 propheta
3526 4472 3607 4527 tui

338 4547 489 4658 dent,
526 4549 663 4658 etin
712 4549 913 4658 mittitis
958 4552 1362 4658 purificatione"
1367 4556 1786 4613 consolationem
1823 4560 1999 4658 ba-D
2026 4565 2275 4619 viderunt
2324 4566 2423 4620 tibi
2478 4564 2632 4631 falsa,
2676 4580 2776 4620 nec
2832 4565 3176 4635 corripiendo
3230 4563 3608 4635 patefecerunt

336 4636 484 4691 bent.
535 4639 694 4704 Vide,
726 4640 969 4707 Domine,
1002 4653 1242 4697 nostram
1278 4642 1642 4711 aﬂlictionem,
1680 4650 1807 4719 quia
1832 4651 1918 4704 vi-

342 4727 441 4781 des
486 4727 642 4782 nobis
680 4728 957 4785 inimicum
1000 4746 1120 4788 esse
1164 4732 1443 4791 fortiorem
1479 4756 1491 4792 :
1521 4739 1795 4809 depraedat
1822 4743 1920 4797 ho-

337 4819 441 4873 stis
465 4819 862 4888 desiderabilia,
887 4830 942 4877 et
965 4824 1149 4896 diripit
1182 4834 1303 4881 astu
1324 4830 1503 4884 omnia
1539 4831 1802 4887 virtutum
1826 4849 1919 4889 or-

338 4920 610 4966 namenta.
653 4912 1030 4985 lngredinntur
1061 4920 1318 4975 contrarii
1341 4930 1426 4976 tua
1452 4926 1779 4993 sanctuaria,
1805 4927 1923 4998 qui-

335 5002 435 5057 bus
459 5000 759 5075 przeceptsti
782 5014 968 5061 sancta
990 5015 1077 5062 tua
1096 5010 1209 5065 fieri
1228 5012 1420 5069 aliena.
1439 5014 1720 5071 Multitudo
1734 5028 1917 5076 nostra

236 5104 251 5112 '
337 5096 503 5163 gemit
529 5106 750 5169 propter
771 5099 924 5155 verbi
949 5100 1168 5168 famem,
1198 5105 1423 5175 neejam
1449 5110 1611 5166 habet
1634 5113 1773 5167 unde
1793 5114 1918 5169 reii-

338 5185 647 5243 ciatanimaz
666 5190 921 5246 esuriem.
946 5192 1097 5259 Vide,
1113 5192 1360 5261 Domine,
1382 5206 1436 5252 et
1457 5202 1734 5256 considera
1753 5206 1919 5273 quam

340 5278 463 5334 vilia
522 5278 665 5337 facta
717 5291 844 5338 sunt
899 5294 1098 5341 nostrae
1156 5288 1350 5344 animae
1414 5290 1646 5347 interna.
1718 5292 1919 5352 Omnes

339 5370 429 5439 qui
460 5373 703 5428 transitis
729 5390 829 5444 per
848 5379 1098 5434 semitam
1132 5379 1333 5436 doloris
1352 5384 1547 5449 nostri,
1581 5386 1919 5445 considerate

339 5460 653 5529 potentiam,
700 5464 788 5519 cui
813 5467 950 5523 alter
976 5471 1401 5527 non’invenitur
1444 5476 1654 5545 similis,
1685 5480 1775 5533 ubi
1820 5496 1914 5537 ex-

340 5549 615 5608 candescit
638 5554 772 5611 ultio
783 5557 948 5614 divini
973 5561 1190 5618 furoris.
1211 5563 1346 5619 Ossa
1369 5574 1553 5621 nostra
1581 5567 1919 5629 inﬂammans

340 5642 655 5712 combussit,
712 5654 767 5702 et
814 5651 978 5717 pedes
1022 5661 1239 5710 nostros
1278 5662 1576 5713 retrorsum
1630 5664 1918 5729 convertit,

341 5737 519 5792 nullus
558 5737 738 5811 eﬂ‘ugii
775 5749 921 5811 patet
958 5742 1108 5799 locus
1137 5787 1152 5812 ,
1204 5748 1330 5817 quia
1385 5750 1550 5805 animi
1602 5754 1771 5808 nostri
1825 5771 1922 5824 per

341 5831 522 5897 omnia
552 5830 750 5890 defecit
782 5836 973 5893 virtus.
1004 5836 1233 5897 Domino
1256 5842 1507 5901 tradente
1529 5844 1619 5901 illa
1666 5862 1766 5904 nos
1792 5863 1918 5922 pre-

2028 4654 2120 4709 tibi
2149 4664 2238 4710 tua
2263 4655 2489 4711 scelera.
2528 4655 2632 4708 Pro
2662 4654 2873 4709 delictis
2924 4656 3030 4711 tuis
3076 4654 3482 4725 spoponderunt
3504 4653 3604 4709 tibi

2024 4746 2267 4817 praemia,
2318 4761 2418 4801 nec
2446 4746 2871 4815 praedicaverant
2913 4747 3028 4811 tibi,
3060 4761 3179 4816 quae
3226 4745 3467 4800 metuisti
3511 4760 3606 4816 ge-

2026 4838 2217 4892 hennae
2242 4844 2528 4892 tormenta.
2559 4835 2712 4892 Unde
2751 4837 2934 4893 hostes
2987 4838 3061 4892 tui
3088 4853 3211 4892 cum
3243 4837 3319 4892 tui
3344 4836 3607 4892 dominati

2026 4937 2173 4995 sunt,
2203 4928 2393 4998 plausu
2417 4943 2611 4998 magno
2646 4928 2946 4985 alludentes
2981 4944 3145 4999 super
3168 4936 3222 4985 te
3257 4928 3425 4985 lzetati
3455 4936 3602 4983 sunt.

2025 5020 2209 5076 Deduc
2238 5019 2476 5090 quotidie
2511 5020 2665 5089 quasi
2713 5028 3009 5075 torrentem
3046 5019 3337 5091 lacrymas,
3402 5026 3458 5075 et
3495 5034 3605 5076 non

2025 5128 2205 5169 cesses
2250 5113 2503 5185 lugubres
2516 5112 2770 5186 proferre
2803 5113 3186 5183 querimonias.
3236 5113 3380 5168 Leva
3410 5128 3606 5170 manus

2026 5216 2145 5262 tuas
2179 5207 2247 5261 ad
2272 5207 2442 5260 Deum
2473 5222 2596 5262 cum
2620 5207 2893 5277 precibus,
2928 5206 3228 5262 ad'animas
3253 5206 3604 5277 parvulorum

2026 5307 2261 5355 tuorum.
2299 5299 2459 5355 Plora
2517 5315 2640 5356 cum
2676 5302 2982 5373 gemitibus,
3035 5300 3334 5358 interfectis
3376 5302 3484 5358 tuis
3514 5317 3604 5358 so-

2030 5380 2236 5447 lemnes
2256 5391 2453 5446 exhibe
2476 5392 2795 5462 exsequias,
2826 5401 2882 5448 et
2908 5393 3196 5450 charorum
3228 5403 3442 5450 tuorum
3476 5409 3600 5450 cum

2028 5481 2282 5553 lacrymis
2314 5483 2479 5551 sepeli
2506 5482 2781 5553 reliquias.
2821 5485 2955 5542 Vide
2977 5495 3031 5542 et
3078 5487 3360 5542 considera
3400 5495 3602 5556 quanta

2025 5572 2271 5627 dolorum
2319 5574 2652 5644 perpetimur
2688 5576 2850 5642 mala,
2906 5578 3058 5632 multi
3100 5578 3167 5633 de
3219 5578 3363 5634 coetu
3414 5584 3603 5633 nostro

2025 5667 2368 5723 inimicorum
2402 5669 2715 5725 ceciderunt
2741 5670 2938 5741 gladio,
2968 5672 3122 5743 pueri
3153 5680 3208 5727 et
3240 5686 3422 5735 senes,
3438 5668 3601 5739 juve-

2025 5775 2121 5816 nes
2147 5770 2201 5816 et
2222 5762 2459 5832 virgines
2508 5763 2831 5819 interierunt
2877 5763 3152 5821 seandalo.
3195 5762 3348 5817 Juste
3395 5760 3541 5815 enim
3568 5773 3603 5815 a

2025 5859 2078 5907 te
2108 5851 2319 5924 prolata
2340 5851 2595 5921 vindicta,
2624 5855 2808 5912 omnia
2835 5870 2865 5911 a
2882 5857 3053 5913 nobis
3078 5852 3362 5915 auferebat
3382 5850 3599 5919 solatia.
