4056 6336
448 278 586 338 ητδ
677 335 694 351 ,
1079 274 1143 353 Β..
1182 269 1434 330 ΒΑΒΑΜ
1467 269 1686 329 MAURI
1717 268 2044 326 ARCHIEP.‘
2072 261 2380 326 uocum:
2417 261 2700 323 OPERUM
2737 257 2918 322 rans
2950 263 3037 320 Ill.
3548 249 3727 322 tam

445 375 1110 456 mutuum”,
1153 387 1434 460 petitionis
1472 395 1598 453 tua,
1647 399 1753 442 nec
1797 399 1906 440 non
1959 367 3727 453 unamunpmmmmmmmm

448 486 754 560 sponsionis
789 499 922 541 meae
963 467 1204 548 memor,
1242 480 1608 536 collectarium
1647 479 1704 534 in
1743 477 2015 560 Epistolas
2119 489 2240 560 cum
2265 473 2526 529 nescierit
2547 473 2670 560 quis
2695 472 2802 560 hoc
2822 473 2907 528 vel
2927 471 3063 528 illud
3085 471 3336 536 ediderit.
3364 481 3420 529 et
3459 471 3724 529 alterius

448 558 598 638 Pauli
623 574 870 647 apostoli,
896 579 1059 644 prout
1086 571 1257 644 potui,
1283 563 1599 627 cmhcifln
1617 585 1728 640 quo
1749 559 2017 639 quantum
2113 558 2319 638 scripta
2376 559 2672 623 arbitretur
2719 559 2884 640 quam
2933 561 3002 622 se
3043 565 3244 622 lueritas
3302 566 3488 622 habet.
3551 565 3722 623 Sunt

449 669 579 728 mihi
605 668 772 733 licuit,
801 673 856 722 et
894 661 1224 736 possibilitas
1261 661 1410 728 sivit,
1435 657 1813 732 adjuvantibus
1853 660 2016 714 etiam

449 760 787 818 consortibus
817 757 1065 838 lectiqnis
1095 766 1315 824 nostrae,
1353 771 1421 812 ex
1447 765 1760 812 sanctorum
1795 753 2016 810 Patrum

449 851 608 908 dictis
636 851 693 906 in
720 864 886 906 unum
911 848 1097 920 collegi
1121 845 1261 918 quod
1293 845 1368 902 illi
1402 847 1456 902 in
1479 845 1708 902 diversis
1743 845 2016 916 opusculis

450 943 582 1008 suis,
623 949 786 1013 prout
823 941 1196 1012 opportunitas
1245 947 1506 994 tractatus
1556 939 1880 1018 postulabat,
1915 955 2014 1016 po-

451 1047 626 1088 suere.
659 1031 896 1100 Quorum
926 1030 1148 1100 scripta,
1175 1031 1301 1100 quia
1337 1027 1492 1098 juxta
1519 1031 1798 1100 copiosam
1823 1021 2016 1086 facunl

451 1121 596 1176 diam
625 1135 812 1175 eorum
853 1119 1015 1174 latam
1054 1120 1443 1192 expositionem
1473 1121 2038 1185 habuerunt,‘brevi-‘

455 1212 551 1283 tati
579 1209 821 1295 studens,
849 1213 1090 1295 escerpsi
1118 1212 1243 1268 inde
1271 1229 1390 1286 quae
1426 1213 1734 1270 necessaria
1778 1215 1961 1282 putavi
1998 1232 2011 1267 :

451 1311 512 1360 ut
543 1305 588 1360 si
627 1293 716 1358 cui
739 1287 840 1360 hoc
881 1287 1021 1375 opus
1055 1312 1301 1360 nostrum
1347 1303 1524 1378 legere
1559 1306 1810 1362 voluntas
1849 1313 2013 1371 esset,

451 1393 783 1450 diversorum
833 1391 1115 1450 doctorum
1150 1409 1345 1450 sensus
1401 1395 1754 1450 continuatim
1811 1397 2016 1466 positos

449 1487 744 1554 inveniret;
775 1487 859 1543 cui
883 1496 1061 1544 autem
1083 1488 1459 1558 displicuisset,
1491 1488 1608 1558 ipse
1627 1490 1693 1544 de
1715 1489 2018 1561 purissimis

450 1577 685 1636 fontibus
710 1579 1098 1635 catholicorum
1118 1580 1488 1649 expositorum
1510 1581 1564 1634 in
1588 1581 1700 1636 suis
1719 1581 1875 1646 locis,
1898 1595 2018 1651 quae

447 1685 553 1740 que
586 1670 774 1736 vellet,
821 1671 1081 1726 hauriret.
1131 1670 1299 1726 Nemo
1323 1671 1468 1725 enim
1502 1686 1627 1726 eum
1651 1671 1822 1726 nostri
1863 1670 2018 1727 labo-

2110 1299 2218 1356 sibi
2245 1300 2380 1358 utile
2401 1297 2472 1356 sit
2498 1275 2626 1359 iitdo
2645 1275 2860 1358 sumere
2887 1315 2905 1354 :
2932 1275 3183 1356 doctems
3203 1313 3272 1354 cn

2116 661 2260 714 enim
2295 674 2483 714 eorum
2532 673 2722 714 sensus
2765 659 2820 714 in
2855 654 3123 730 aliquibus
3164 657 3589 726 concordantes,
3644 659 3710 714 in

2115 751 2383 826 aliquibus
2414 765 2542 808 vero
2570 751 2957 821 discrepantes.
2987 749 3140 806 Unde
3166 750 3536 805 necessarium
3565 767 3712 806 reor

2117 853 2174 898 ut
2217 845 2454 899 intentus
2493 841 2706 896 auditor
2741 855 2839 912 per
2881 841 3138 917 lectorem
3173 841 3409 911 primum
3455 841 3708 897 recitata

2116 935 2444 1007 singulorum
2475 943 2752 990 auctorum
2795 934 3014 988 nomina
3043 942 3169 988 ante
3218 934 3419 1004 scripta
3462 949 3566 988 sua
3597 951 3712 990 au-

2111 1028 2246 1094 diat,
2273 1035 2542 1098 quatenus
2561 1027 2698 1082 sciat
2717 1025 2843 1096 quid
2872 1025 2927 1080 in
2947 1025 3178 1081 lectione
3205 1027 3504 1098 apostolica
3527 1043 3717 1083 unus-

2116 1119 2344 1190 quisque
2409 1118 2638 1174 senserit
2652 1147 2681 1184 ,-
2734 1117 2922 1188 sicque
2981 1118 3036 1172 in
3081 1127 3316 1174 mentem
3367 1135 3528 1175 suam
3581 1119 3714 1191 plu-

2115 1211 2255 1268 rima
2292 1224 2638 1288 coacervatis,
2686 1215 2867 1280 potest
3010 1209 3236 1284 singulis
3273 1209 3526 1290 judicare
3567 1211 3712 1282 quid

3377 1300 3476 1372 ipsi
3497 1317 3710 1360 annos

2116 1391 2364 1448 catholici
2391 1390 2624 1457 fuerunt,
2653 1399 2879 1462 excepto
2901 1390 3152 1462 Origene,
3179 1390 3332 1460 cujus
3357 1400 3537 1446 tamen
3567 1409 3704 1448 sen-

2118 1484 2312 1540 tentias
2343 1482 2730 1552 tantummodo,
2771 1497 2908 1554 quas
2945 1483 3213 1539 catholico
3250 1499 3412 1540 sensu
3450 1486 3710 1555 prolatas

2115 1575 2342 1641 credidi,
2370 1574 2606 1645 sumpsi;
2635 1583 2860 1630 caeteras
2892 1584 3074 1630 autem
3103 1575 3448 1646 prmtermisi.
3479 1575 3600 1632 Nec
3631 1593 3706 1630 ex

2115 1682 2240 1722 meo
2261 1681 2422 1722 sensu
2449 1666 2501 1720 in
2543 1666 2644 1721 hoc
2669 1681 2833 1736 opere
2859 1667 3012 1738 plura
3048 1666 3267 1737 protuli,
3305 1667 3448 1722 sicut
3472 1667 3526 1722 in
3576 1667 3710 1722 aliis

450 1759 524 1816 ris
565 1775 718 1815 usum
755 1761 956 1815 habere
975 1760 1184 1832 cogitur
1212 1761 1432 1826 invitus,
1460 1760 1584 1830 quia
1615 1760 1866 1815 studiosis
1894 1769 2014 1815 tan-
2041 1752 2090 1812 B
2116 1757 2387 1829 opusculis
2413 1758 2548 1812 meis
2577 1756 2702 1824 feci,
2739 1760 2965 1814 credens
3005 1759 3186 1814 sobrio
3223 1757 3410 1812 lectori
3444 1757 3710 1814 sufﬁcere

449 1859 562 1907 tum
612 1851 873 1912 laboravi,
918 1866 1027 1904 non
1071 1850 1413 1907 fastidiosis:
1463 1851 1654 1906 melius
1699 1849 1844 1906 enim
1881 1849 2011 1906 mihi

449 1941 662 1998 videtur
689 1950 748 1995 ut
775 1940 891 1995 sine
918 1938 1119 1994 invidia
1140 1940 1374 1996 nominis
1398 1941 1501 1995 mei
1525 1948 1578 1996 et
1600 1942 1857 2012 despectu
1881 1956 2012 2010 ope-

450 2035 546 2102 ris,
583 2035 788 2105 absque
821 2048 1048 2090 rancore
1087 2034 1372 2104 tranquilla
1407 2043 1586 2090 mente
1617 2032 1762 2106 legat
1788 2049 1848 2090 ea
1869 2049 2014 2105 qua:—

2113 1848 2258 1922 quod
2283 1850 2337 1904 in
2369 1849 2590 1906 Patrum
2629 1850 2910 1905 sententiis
2928 1849 3132 1905 editum
3156 1849 3438 1921 repererit.

2187 1940 2263 1994 De
2291 1945 2486 1994 czetero
2514 1955 2725 2010 quoque
2765 1939 3048 1996 amabilem
3080 1941 3401 1996 charitatem
3427 1950 3580 1996 tuam
3608 1943 3709 1997 de-

2111 2047 2307 2106 precor
2331 2041 2393 2088 ut
2415 2042 2470 2088 tu
2503 2031 2618 2104 ipse
2645 2049 2744 2105 pro
2770 2033 3005 2104 peccatis
3032 2033 3166 2088 meis
3193 2033 3479 2089 Dominum
3523 2035 3710 2090 inter-

449 2125 548 2182 sihi
575 2125 830 2196 prodesse
853 2124 1048 2190 credit,
1076 2139 1382 2195 quamcum
1412 2126 1830 2196 reprehensione
1853 2135 2017 2198 atque
2112 2125 2296 2190 cedas,
2345 2125 2683 2195 idipsumque
2725 2121 2968 2180 fraterno
3007 2124 3101 2180 tibi
3150 2139 3331 2180 amore
3374 2125 3708 2194 coniunctos

447 2217 698 2274 irrisione
723 2217 880 2273 alieni
915 2217 1096 2290 operis
1137 2216 1343 2272 crimen
1383 2219 1732 2274 detractionis
1769 2219 2014 2276 incurrat

444 2320 606 2384 atque
633 2311 824 2366 anima:
848 2325 958 2366 suae
987 2308 1191 2380 peccati
1232 2319 1460 2364 mortem
1491 2311 1659 2365 Deum
1695 2307 2012 2366 offendendo

447 2401 572 2459 inde
601 2401 846 2474 acquirat
879 2420 892 2455 :
927 2399 1077 2456 illum
1121 2409 1300 2455 autem
1325 2401 1416 2472 qui
1456 2400 1685 2456 lectione
1714 2409 1901 2456 nostra
1933 2401 2012 2456 uti

447 2491 628 2561 elegit,
657 2491 920 2548 admoneo
945 2501 1006 2546 ut
1029 2491 1336 2562 ubicunque
1363 2492 1706 2562 conspexerit
1731 2501 2013 2548 auctorum

447 2582 688 2648 nomina,
710 2599 937 2656 quorum
967 2583 1108 2638 dicta
1135 2599 1201 2638 ex
1227 2583 1378 2639 libris
1404 2583 1517 2639 suis
1546 2585 1814 2655 excerpsi,
1848 2583 2014 2639 forin-

445 2689 604 2733 secus
625 2673 680 2728 in
710 2674 903 2748 pagina
938 2674 1162 2747 singulis
1187 2673 1406 2741 litteris,
1431 2683 1524 2731 aut
1551 2676 1714 2744 binis,
1741 2692 1834 2733 seu
1851 2675 2017 2732 etiam

445 2765 617 2822 lcrnis
635 2773 952 2838 praenotata,
989 2783 1097 2823 non
1125 2767 1304 2840 pigeat
1333 2782 1458 2824 eum
1484 2767 1538 2823 in
1577 2767 1804 2840 legendo
1831 2782 2016 2824 coram

2115 2216 2297 2273 facere
2342 2215 2592 2284 horteris,
2640 2225 2904 2286 quatenus
2947 2233 3044 2288 per
3076 2225 3256 2272 vestra
3299 2215 3556 2290 sulfragia
3607 2234 3705 2274 \‘e-

2115 2309 2260 2366 niam
2291 2307 2605 2364 delictorum
2637 2323 2881 2364 meorum
2911 2307 3052 2380 apud
3087 2307 3322 2363 divinam
3349 2307 3702 2365 clementiam

2115 2402 2360 2472 accipere
2390 2415 2622 2466 merear,
2661 2407 2716 2456 et
2757 2401 2812 2455 in
2847 2399 3028 2455 futura
3054 2400 3164 2456 vita
3213 2416 3334 2456 cum
3363 2397 3556 2458 electis
3598 2398 3699 2456 Dei

2113 2494 2354 2565 requiem
2393 2494 2798 2565 sempiternam.
2845 2491 3238 2549 Beatitudinem
3288 2501 3461 2572 tuam,
3509 2503 3697 2548 sancte

2117 2583 2328 2652 frater,
2375 2596 2576 2641 aeterna
2621 2585 2824 2642 Christi
2872 2579 3142 2658 majestas’
3183 2583 3354 2644 sacris
3401 2571 3702 2642 virtutibus

2116 2679 2408 2754 pollentem
2430 2679 2484 2736 in
2519 2690 2781 2738 aeternum
2806 2695 3134 2738 conservare
3169 2680 3440 2756 dignetur.

461 2905 3701 2943 “Mm

1766 3020 2356 3102 PROLOGUS.

1971 3193 2164 3210 ἡ

520 3275 760 3350 Primum
787 3291 1046 3364 queritur
1064 3303 1238 3370 quare
1256 3287 1710 3365 postEvangelia,
1737 3304 1856 3364 qua:
1889 3302 2020 3366 ςυρ-
2047 3297 2092 3361 C
2123 3291 2282 3349 festet
2323 3309 2338 3346 :
2389 3305 2516 3348 nam
2559 3292 2705 3348 hanc
2754 3306 2812 3349 se
2851 3291 3230 3364 proficiscente
3265 3285 3698 3368 Hierosolymam

447 3383 776 3472 plementum
805 3379 962 3455 Legit
1007 3393 1152 3451 sunt,
1181 3395 1236 3442 et
1270 3385 1325 3440 in
1358 3381 1552 3456 quibus
1581 3387 1738 3441 nobis
1771 3386 2016 3456 exempla

449 3485 505 3532 et
540 3486 803 3554 prmccpta
830 3473 1037 3532 vivendi
1055 3474 1369 3554 plenissima
1397 3475 1599 3550 digesta
1621 3487 1768 3545 sunt,
1789 3479 2020 3536 voluerit

448 3565 734 3640 Apostolus
757 3565 857 3626 has
887 3564 1153 3640 Epistolas
1182 3563 1248 3625 ad
1281 3570 1524 3641 singulas
1555 3585 1795 3640 quasque
1829 3565 2018 3627 Ecde-

413 3661 560 3724 _'sias
589 3661 891 3728 destinare;
923 3656 1026 3716 hac
1063 3669 1243 3718 autem
1274 3677 1436 3718 causa
1463 3661 1515 3718 id
1541 3661 1746 3718 faetum
1785 3663 2016 3729 videtur,

447 3760 509 3808 ut
551 3751 760 3808 scilicet
806 3751 958 3808 initia
995 3753 1266 3809 nascentis
1313 3751 1598 3822 Ecclesiae,
1639 3753 1794 3810 novis
1841 3757 2023 3812 causis

449 3842 820 3908 existentibus,
872 3845 1252 3916 praemuniret,
1303 3854 1359 3901 et
1411 3855 1474 3900 ut
1521 3848 1808 3916 pra-scotia
1855 3855 2022 3918 atque

447 3937 674 3992 orientia
715 3943 987 3992 resecaret
1021 3937 1149 3994 vitia
1177 3956 1190 3993 :
1225 3942 1282 4012 et
1303 3945 1429 4010 post
1459 3937 1669 3996 lhturas
1710 3938 2020 3995 excluderet

449 4026 776 4096 quaestiones
804 4028 1050 4098 exemplo
1089 4027 1496 4100 prophetatum,
1528 4028 1620 4098 qui
1668 4037 1790 4098 post
1818 4027 2020 4084 editam

446 4111 644 4186 Legem
677 4113 869 4187 Moysi,
899 4115 954 4171 in
991 4133 1095 4188 qua
1132 4119 1318 4174 omnia
1349 4111 1448 4176 Dei
1489 4119 1743 4177 mandata
1770 4119 2022 4190 legeban-

451 4213 562 4272 tur,
589 4205 946 4282 nihilominus
979 4215 1162 4264 tamen
1201 4199 1447 4266 doctrina
1475 4225 1574 4268 sua
1610 4208 1852 4268 rediviva
1873 4226 2022 4268 seut-

447 4309 548 4365 per
567 4295 746 4365 populi
768 4311 1138 4368 compressere
1159 4307 1376 4370 peccata
1407 4310 1463 4356 et
1479 4311 1698 4372 propter
1715 4303 2018 4374 exemplum

450 4383 604 4438 libris
652 4385 719 4438 ad
755 4395 995 4440 nostram
1023 4388 1185 4442 etiam
1235 4390 1550 4444 memoriam
1581 4391 2016 4448 transmiserunt.

452 4472 652 4528 Deinde
679 4475 939 4546 quaeritur
965 4491 1063 4532 cur
1084 4492 1190 4534 non
1213 4479 1444 4549 amplius
1477 4495 1636 4551 quam
1665 4483 1856 4540 decem
1898 4483 2021 4554 Epi-

451 4564 617 4618 stolas
631 4565 696 4619 ad
724 4565 992 4623 Ecclesias
1011 4569 1288 4640 scripserit
1313 4588 1326 4624 ;
1349 4561 1535 4628 decem
1577 4581 1704 4629 sunt
1725 4575 1869 4630 enim
1893 4589 2016 4632 cum

2119 3383 2399 3454 scripsisse
2423 3391 2681 3449 testatur;
2703 3397 2826 3439 cum
2852 3381 3158 3440 Corinthios
3179 3391 3236 3440 et
3258 3381 3410 3449 alios,
3439 3386 3701 3455 anteiam

2116 3477 2177 3530 'ut
2205 3473 2390 3548 [etiam
2417 3471 2600 3546 quam]
2633 3473 3018 3541 ministerium,
3051 3476 3194 3546 quod
3236 3471 3416 3532 secum
3458 3481 3702 3546 portatur

2117 3580 2210 3624 rus
2254 3576 2392 3633 erat,
2438 3567 2770 3640 colligerent,
2807 3567 3006 3624 litteris
3046 3565 3364 3624 adhortatus
3402 3569 3495 3624 sit.
3541 3567 3702 3626 Unde

2119 3659 2342 3732 intelligi
2371 3661 2588 3732 Quidam
2617 3662 2802 3718 volunt
2841 3662 2917 3717 ita
2959 3675 3148 3719 omnes
3175 3661 3442 3734 Epistolas
3477 3663 3703 3719 Ordina-
3731 3664 3738 3668 ’

2121 3763 2222 3821 tas,
2269 3763 2332 3809 ut
2375 3755 2548 3826 prima
2593 3763 2902 3826 poneretur,
2947 3757 3196 3826 quamvis
3222 3755 3507 3826 posterior
3533 3751 3704 3811 fuerit

2121 3837 2416 3910 destinata,
2475 3853 2535 3900 ut
2589 3857 2688 3916 per
2743 3845 2982 3917 singulas
3043 3834 3310 3918 Eplsmlas
3373 3845 3702 3917 quihusdam

2121 3937 2271 4007 quasi
2297 3935 2552 4008 gradibus
2582 3938 2649 3992 ad
2685 3937 3071 4008 perfectionem
3099 3937 3396 3995 veniretur.
3423 3937 3705 3995 Romano.

2121 4041 2240 4085 rum
2269 4043 2498 4101 namque
2520 4031 2760 4102 plerique
2781 4039 2892 4087 tam
2919 4033 3078 4090 rudes
3101 4042 3279 4102 erant,
3313 4040 3376 4091 ut
3401 4051 3508 4091 non
3535 4037 3706 4093 intel-

2117 4121 2346 4192 ligerent
2361 4121 2456 4176 Dei
2488 4137 2547 4176 se
2567 4123 2761 4192 gratia,
2791 4137 2897 4179 non
2917 4125 3032 4180 suis
3059 4127 3268 4182 meritis
3289 4133 3410 4183 esse
3435 4125 3698 4198 salvatus,

2121 4221 2176 4266 et
2197 4211 2268 4267 ob
2299 4212 2404 4266 hoc
2427 4212 2532 4266 duo
2556 4213 2698 4268 inter
2735 4229 2792 4271 se
2833 4215 3013 4287 populi
3044 4217 3450 4287 conﬂictarent;
3486 4221 3700 4277 idcirco

2119 4303 2241 4360 illos
2281 4301 2524 4376 indigere
2571 4307 2766 4362 asserit
2822 4308 3151 4376 conﬁrmari,
3200 4313 3333 4368 vitia
3377 4313 3702 4386 gentilitatis

2118 4393 2302 4466 priora
2338 4407 2806 4464 commemorans;
2855 4398 3150 4456 Corinthiis
3195 4409 3376 4458 autem
3418 4404 3532 4476 jam
3567 4403 3702 4458 dicit

2119 4485 2358 4541 scientia:
2381 4489 2609 4558 gratiam
2637 4503 2756 4546 esse
2776 4503 3106 4559 concessam,
3136 4499 3190 4550 et
3228 4507 3337 4550 non
3367 4503 3474 4550 tam
3511 4510 3704 4551 omnes

2071 4575 2380 4647 "increpat,
2430 4587 2592 4649 quam
2629 4591 2732 4635 cur
2773 4592 3061 4652 peccantes
3110 4593 3214 4640 non
3258 4585 3662 4656 increparerint
3687 4629 3701 4648 ,

451 4654 538 4746 illa
563 4671 681 4746 qua:
711 4655 908 4746 dicitur
935 4657 1000 4714 ad
1047 4657 1332 4726 Hebraeos;
1373 4674 1500 4717 nam
1543 4661 1762 4733 reliqum
1787 4674 2020 4734 quatuor
2041 4659 2098 4720 D
2121 4669 2484 4738 reprehendit,
2509 4671 2650 4727 sicut
2667 4673 2743 4728 ait
2769 4691 2782 4728 :
2817 4674 3048 4729 Auditur
3090 4677 3227 4732 Inter
3275 4691 3366 4733 vos
3413 4654 3701 4746 fomicnn‘o

449 4745 516 4798 ad
537 4744 822 4817 discipulos
845 4749 1153 4818 specialiter
1176 4760 1302 4806 sunt
1329 4761 1590 4822 porrecta!
1630 4773 1644 4809 :
1675 4764 1732 4809 et
1759 4755 2016 4831 [scilicet]

450 4841 1056 4898 utostenderetNovum
1090 4844 1520 4917 nondiscrepare
1548 4862 1579 4902 a
1617 4847 1794 4912 Veteri
1827 4847 2017 4906 Testa-

451 4940 651 4997 mento,
682 4941 736 4986 et
757 4947 814 4988 se
835 4943 1022 4988 contra
1043 4933 1239 5006 Legem
1261 4951 1364 4990 non
1389 4935 1568 4992 facere
1599 4937 1785 5010 Moysi,
1818 4941 1885 4995 ad
1921 4957 2020 4996 nu-

453 5037 658 5076 merum
707 5025 1002 5094 primorum
1035 5025 1282 5096 Decalogi
1320 5028 1696 5087 mandatomni
1727 5044 1855 5086 suas
1893 5030 2018 5101 Epi-

453 5113 619 5170 stolas
651 5115 953 5184 ordinavit;
998 5126 1052 5172 et
1081 5126 1212 5188 quot
1239 5118 1327 5172 ille
1365 5121 1646 5189 praeceptis
1674 5136 1704 5174 a
1741 5121 2023 5178 Pharaone

453 5204 680 5259 instituit
707 5206 979 5283 liberatos,
1001 5210 1222 5266 totidem
1266 5211 1353 5264 hic
1382 5209 1635 5279 Epistolis
1657 5221 1692 5266 Δ
1729 5209 1932 5268 diaboli
1965 5223 2022 5269 et

452 5292 764 5351 idololatria:
790 5299 1047 5353 servitute
1073 5301 1260 5355 edocet
1283 5302 1575 5370 acquisitos
1605 5319 1618 5355 :
1659 5319 1784 5358 nam
1812 5313 1866 5358 et
1887 5306 2020 5360 duas
2089 5312 2092 5314 ⁷

453 5385 661 5441 tabulas
719 5387 956 5458 lapideas
999 5391 1229 5460 duorum
1278 5393 1744 5450 Testamentorum
1795 5395 2021 5465 ﬁguram

446 5477 704 5533 habuisse
726 5479 828 5534 Viri
853 5481 1204 5538 eruditissimi
1241 5478 1606 5542 tradiderunt.
1638 5477 1812 5541 Movet
1851 5489 2018 5544 etiam

424 5571 708 5642 quosdam
732 5584 903 5642 quare
929 5573 1297 5630 Romanorum
1330 5577 1582 5647 exempla
1621 5577 1679 5632 in
1705 5578 1881 5649 prima
1909 5580 2022 5635 sint

447 5677 640 5743 posita,
675 5685 798 5732 cum
824 5679 949 5730 eam
980 5685 1086 5728 non
1124 5673 1354 5746 primam
1383 5675 1646 5750 scriptam
1672 5675 1810 5734 ratio
1837 5676 2018 5736 mani-

2123 4762 2174 4835 (I
2203 4761 2446 4835 Conv);
2499 4773 2554 4820 et
2589 4766 2784 4820 iterum
2819 4785 2830 4822 :
2865 4763 3204 4840 Congregntis
3243 4769 3384 4825 vobis
3427 4787 3544 4825 cum
3581 4785 3698 4824 uico

2119 4857 2328 4926 spiritu.
2363 4858 2569 4916 tradere
2599 4859 2903 4928 huiusmodi
2943 4863 3207 4920 hominem
3231 4861 3449 4920 Satanas
3473 4862 3696 4936 (Ibid.).

2120 4947 2177 5002 In
2216 4949 2450 5004 secunda
2496 4965 2624 5005 vero
2665 4951 2972 5017 laudantur,
3015 4961 3070 5008 et
3107 4962 3168 5009 ut
3197 4955 3368 5026 magis
3414 4969 3477 5010 ac
3523 4957 3698 5025 magis

2116 5037 2404 5108 proficiant
2431 5035 2807 5099 adutonentur.
2837 5041 3041 5098 Galatae
3069 5043 3180 5111 jam
3225 5046 3420 5102 nullius
3448 5046 3693 5102 criminis

2125 5139 2443 5199 arguuntur,
2469 5132 2568 5187 nisi
2599 5133 2702 5189 hoc
2733 5142 2941 5190 tantum
2972 5138 3112 5206 quod
3145 5137 3506 5194 callidissimis
3561 5155 3693 5210 apo-

2121 5210 2274 5277 stolis
2297 5217 2659 5280 eredidemnt.
2679 5215 2893 5296 Ephesii
2920 5243 3050 5284 sane
3078 5229 3221 5286 nulla
3251 5232 3689 5302 reprehensione,

2122 5313 2215 5368 sed
2241 5313 2408 5378 multa
2436 5314 2591 5370 laude
2625 5318 2956 5388 sunt.digni,
2987 5320 3110 5390 quia
3149 5319 3308 5376 fidem
3342 5321 3692 5393 apostolicam
3729 5313 3734 5321 ’

2123 5416 2494 5462 servaverunt.
2522 5408 2890 5480 Philippenses
2916 5413 3078 5468 etiam
3106 5414 3275 5469 multo
3296 5416 3468 5488 magis
3492 5415 3698 5470 collau-

2124 5497 2341 5565 dantur,
2364 5501 2456 5570 qui
2480 5516 2586 5557 nec
2618 5503 2805 5560 audire
2839 5502 3054 5576 quidem
3094 5503 3260 5562 falsos
3289 5504 3558 5580 apostolos
3597 5523 3696 5562 vo-

2119 5588 2356 5647 luerunt.
2382 5591 2730 5652 Colossenses
2751 5605 2928 5654 autem
2963 5591 3096 5654 tales
3131 5607 3305 5666 erant,
3333 5607 3534 5658 meum
3563 5613 3697 5672 apo—

2121 5681 2258 5740 stolo
2279 5684 2380 5740 visi
2406 5686 2762 5760 corporaliter
2797 5703 2904 5746 non
2941 5689 3189 5766 fuissent,
3215 5693 3318 5751 hac
3349 5689 3508 5750 laude
3544 5689 3695 5768 digni
