4056 6336
346 338 534 419 ,ᾼΩΠ
928 335 1482 403 ΕΝΔΒΒἈΤΙΟΝΠΜ
1518 337 1587 395 IN
1624 339 1775 397 EPP.’
1813 340 1939 399 ΡΑΕ

2055 341 2183 398 LIB.
2222 340 2266 398 1.
2308 373 2379 384 -
2414 341 2484 398 IN
2520 341 2738 401 EPIST.
2781 344 3076 404 AD'ROM.
3494 349 3629 409 i978

387 455 717 527 haberentur
742 470 755 483 '
803 451 866 507 Et
913 455 959 508 si
985 471 1197 525 corpore
1239 455 1421 509 absens
1461 470 1599 521 sum,
1646 455 1735 509 sed
1763 456 1951 526 spirits
1978 460 2029 521 Α
2054 472 2173 511 esse
2201 457 2476 511 dicuntur?
2503 458 2643 511 sicut
2670 458 2783 527 ipse
2811 459 2886 512 ait
2918 474 2932 512 :
2960 459 3026 513 Et
3055 475 3139 514 vos
3170 463 3357 531 fratres
3387 464 3488 516 mei
3511 467 3629 518 mu“-

386 548 664 613 uobiscum,
690 545 918 617 gaudens
943 556 991 601 et
1016 548 1189 602 videns
1209 547 1441 602 ordinem
1462 547 1683 602 vestruiu
1698 546 1835 619 (Col.
1860 549 1943 618 ιι).
2018 594 2026 601 .
2055 540 2247 604 tutores
2274 549 2399 618 facti
2423 549 2545 603 estis
2591 542 2946 605 Ecciesiarum
2992 550 3090 607 Dei
3116 562 3231 623 qua:
3266 562 3388 609 sunt
3431 556 3487 610 in
3525 554 3629 613 Ju-

387 638 889 701 Tbessalonicenses
942 638 1291 695 nihilominus
1340 640 1395 694 in
1447 640 1654 696 duabus
1693 638 1949 711 Epistolis
2055 637 2171 692 dira
2203 651 2220 690 :
2250 639 2430 693 eadem
2473 640 2610 694 enim
2643 642 2785 711 passi
2821 641 2942 695 estis
2971 652 3019 696 et
3057 658 3148 698 vos
3174 656 3207 698 a
3248 645 3624 705 contribulibus

385 730 535 787 omni
554 729 710 785 laude
740 731 1104 800 prosequitur,
1148 743 1214 785 eo
1252 731 1393 800 quod
1432 746 1540 785 non
1579 729 1750 786 solum
1786 730 1948 787 iidem

384 821 756 878 inconcussam
779 821 1109 877 servaverint
1133 821 1393 885 veritatis,
1431 821 1523 876 sed
1554 822 1716 876 etiam
1745 822 1797 875 in
1827 837 1948 892 per-

386 913 659 968 secutione
683 911 876 966 civium
917 908 1116 966 fuerint
1144 920 1449 967 constantes
1480 912 1699 967 inventi.
1731 912 1805 967 De
1834 911 1943 967 He-

386 1002 546 1059 bracis
582 1018 710 1058 vero
733 1003 860 1074 quid
897 1003 1178 1060 dicendum
1211 1013 1312 1069 est,
1345 1019 1571 1075 quorum
1602 1005 1947 1060 Thessaloni-

386 1109 596 1161 censes,
630 1096 720 1168 qui
750 1094 1039 1167 plurimum
1070 1094 1269 1152 laudati
1308 1105 1453 1165 sunt,
1488 1095 1786 1152 imitatores
1818 1096 1946 1151 facti

2054 731 2252 793 vestris,
2277 744 2393 799 qum
2414 738 2463 783 et
2486 728 2566 783 illi
2611 747 2644 783 a
2668 730 2870 786 Juda'is
2906 730 2958 804 (1
2996 731 3174 788 Thess.
3200 733 3283 806 ιι).
3308 735 3459 805 Apud
3483 738 3626 808 ipsos

2053 834 2267 891 quoque
2290 818 2542 876 Hebraeos
2575 821 2760 877 eadem
2787 832 3193 892 commemorat,
3224 825 3408 883 dicens
3434 842 3449 883 :
3479 828 3620 884 Nam

2053 926 2100 969 Et
2129 915 2286 970 vincti
2308 915 2564 984 compassi
2602 916 2745 980 estis,
2774 924 2823 969 et
2856 916 3095 986 rapinam
3133 914 3385 972 bonorum
3425 929 3622 974 cestro-

2050 1019 2167 1060 rmu
2199 1022 2315 1060 cum
2354 1005 2546 1076 gaudio
2588 1005 2904 1076 suscepistis,
2934 1021 3291 1077 cognoscentes
3321 1022 3409 1064 vos
3435 1011 3624 1068 habere

2054 1095 2315 1152 meiiorem
2337 1108 2383 1150 et
2410 1106 2705 1151 manentem
2742 1096 3087 1153 substantiam
3114 1096 3304 1172 (Hebr.
3333 1100 3410 1170 π).

395 1232 3623 1268 W

1475 1353 1882 1479 LIBER
1964 1355 2308 1473 PRIM
2324 1356 2536 1482 US.

908 1649 1454 1731 sxeosmo
1532 1649 1644 1733 IN
1720 1612 2300 1729 EPISTO‘LAM
2374 1652 2507 1732 AD
2564 1652 3073 1738 BOMANOS.
3142 1692 3169 1713 ο

1761 1811 2202 1834 m

917 1900 1421 1960 ARGUMENTUM.

446 1994 675 2069 (Αιηῡιν.)
705 1992 775 2053 Ut
797 2010 979 2052 rerum
1009 1995 1199 2050 notitia
1240 1994 1504 2049 habeatur
1538 1991 1769 2063 plenior,
1794 1991 1945 2061 prin-

372 2086 514 2160 cipia
548 2103 734 2143 earum
775 2087 1097 2163 requirenda
1140 2094 1265 2140 sunt
1295 2087 1483 2155 prius:
1513 2093 1645 2139 tunc
1672 2083 1813 2137 enim
1849 2096 1945 2152 po-

374 2188 471 2236 test
503 2180 711 2236 facilius
740 2197 920 2236 causae
958 2182 1096 2236 ratio
1137 2178 1423 2244 declarari,
1455 2180 1499 2233 si
1534 2178 1652 2247 ejus
1689 2178 1843 2247 origo
1871 2175 1944 2231 di-

356 2264 572 2330 scatur.
597 2276 729 2331 Cum
757 2276 901 2331 enim
930 2273 1180 2345 Epistolze
1207 2270 1341 2328 datae
1358 2272 1573 2326 modum
1599 2279 1656 2329 et
1681 2272 1941 2325 rationem

374 2364 788 2430 ostenderimus,
840 2372 1018 2436 putest
1060 2376 1248 2418 verum
1290 2361 1460 2417 videri
1506 2361 1648 2430 quod
1692 2360 1938 2414 dicimus.

369 2454 642 2528 (Ηὶέτοη.)
676 2456 925 2521 Romani,
955 2455 1047 2527 qui
1076 2469 1143 2509 ex
1178 2454 1376 2510 Judaeis
1403 2452 1797 2522 gentilibusque
1823 2458 1943 2506 cre-

373 2548 645 2613 diderunt,
672 2549 727 2603 hi
750 2546 981 2621 superba
1010 2549 1353 2605 contentione
1406 2546 1656 2602 volebant
1698 2562 1755 2602 se
1782 2546 1943 2601 alter-

371 2646 550 2692 utrum
572 2655 951 2712 superponere.
974 2640 1107 2695 Nam
1122 2638 1288 2696 Judaei
1313 2639 1564 2697 dicebant
1588 2659 1600 2694 :
1626 2638 1731 2695 Nos
1757 2652 1941 2695 sumus

373 2722 598 2802 populus
626 2728 738 2801 Dei,
771 2750 906 2805 quos
927 2735 994 2791 ab
1030 2736 1183 2790 initio
1214 2734 1402 2790 dilexit
1436 2743 1488 2790 et
1512 2731 1683 2797 fovit;
1716 2748 1816 2789 nos
1838 2733 1943 2788 cir-

373 2824 596 2880 cumcisi
625 2837 690 2880 ex
728 2838 925 2896 genere
968 2825 1265 2893 Abraham,
1298 2842 1363 2882 ex
1403 2826 1572 2896 stirpe
1615 2833 1804 2880 saneta
1842 2825 1935 2879 de-

371 2917 697 2985 scendimus,
726 2925 781 2974 et
802 2928 963 2975 notus
984 2930 1132 2978 retro
1157 2922 1297 2991 apud
1316 2918 1556 2975 iudicum
1570 2928 1777 2975 tantum
1800 2920 1940 2975 Deus

363 3008 544 3079 (νέαι.
574 3011 765 3084 Lxxv);
796 3018 893 3069 nos
918 3012 984 3070 de
1009 3012 1241 3087 Egypto
1268 3015 1363 3070 Dei
1393 3015 1559 3087 signis
1581 3024 1634 3071 et
1652 3014 1941 3073 virtutibus

366 3098 581 3159 liberati
612 3119 758 3162 mare
785 3106 929 3163 sicco
964 3109 1312 3165 transivimus
1339 3110 1495 3180 pede,
1541 3124 1662 3165 cum
1687 3102 1941 3171 inimicos

363 3201 578 3249 nostros
605 3194 905 3262 gravissimi
942 3195 1133 3253 ﬂuctus
1156 3198 1490 3254 involverent
1518 3212 1532 3253 :
1564 3198 1723 3255 nobis
1742 3210 1941 3253 manna

2045 1913 2143 1955 vos
2174 1913 2336 1957 manu
2360 1902 2540 1961 valida
2583 1904 2858 1975 eiecerat,
2908 1905 3087 1961 redire
3136 1907 3435 1980 cupientes.
3479 1908 3623 1979 Quid

2044 1989 2239 2061 plura?
2268 1993 2344 2047 ita
2386 1988 2595 2053 Patres
2618 1997 2785 2053 vestri
2816 1998 2981 2052 ereha
3024 2001 3407 2068 provocatione
3440 2001 3622 2059 Dolui-

2042 2090 2174 2138 uum
2210 2082 2597 2153 irritaverant,
2642 2097 2701 2142 ut
2719 2104 2911 2145 omnes
2940 2091 2994 2144 in
3022 2104 3207 2147 eremo
3243 2104 3618 2164 morerentur,

2046 2188 2149 2229 nec
2178 2174 2359 2244 plures
2385 2190 2454 2232 ex
2480 2178 2788 2235 senioribus
2826 2194 3018 2235 eorum
3045 2192 3209 2251 mnam
3244 2184 3357 2238 duo
3372 2178 3623 2241 homines

2045 2276 2245 2328 terrent
2267 2270 2640 2337 promissionis
2682 2271 2967 2326 intrarent.
2997 2272 3103 2328 Sed
3125 2273 3255 2344 quid
3285 2274 3506 2346 antiqua
3533 2286 3623 2331 ne-

2042 2358 2324 2432 plicantus,
2370 2372 2494 2418 eum
2532 2364 2721 2429 etiam,
2764 2364 2809 2419 si
2833 2363 2923 2419 illa
2963 2366 3188 2421 minime
3222 2365 3508 2431 fecissetis,
3553 2367 3620 2424 de

2042 2453 2147 2509 hoc
2173 2454 2287 2507 sole
2315 2468 2409 2510 vos
2440 2468 2599 2512 nemo
2632 2456 2821 2527 dignos
2855 2459 3026 2512 veniae
3046 2458 3314 2528 iudicaret
3341 2459 3482 2531 quod
3512 2456 3621 2515 Do-

2040 2545 2246 2599 minum
2272 2544 2545 2602 Christum
2572 2548 2955 2618 prophetarum
2977 2562 3190 2619 semper
3211 2549 3363 2604 vobis
3395 2550 3617 2607 vocibus

2042 2636 2465 2704 repromissum,
2511 2652 2620 2693 non
2663 2638 2833 2694 solum
2878 2640 3153 2709 suscipere
3196 2639 3465 2705 noluistis,
3522 2642 3617 2698 sed

2039 2726 2204 2783 etiam
2255 2736 2427 2783 morte
2480 2730 2713 2800 pessima
2762 2732 3073 2800 peremistis
3128 2750 3142 2785 :
3198 2746 3356 2803 quem
3403 2746 3503 2790 nos
3555 2742 3617 2790 ut

2041 2822 2417 2892 cognovimus,
2463 2824 2646 2878 statim
2688 2824 3040 2891 credidimus,
3090 2834 3213 2881 cum
3262 2823 3509 2881 nobistie
3553 2839 3617 2883 eo

2044 2926 2151 2968 non
2190 2913 2354 2969 fuerit
2386 2922 2513 2969 ante
2537 2916 2908 2986 praedicatum.
2941 2916 3092 2974 Unde
3117 2916 3379 2987 probatur
3402 2914 3547 2987 quod
3573 2916 3619 2974 si

2042 2996 2200 3060 idolis
2227 3007 2568 3073 set-vivimus,
2594 3023 2701 3063 non
2728 3010 3076 3065 obstinationi
3100 2992 3317 3077 mentis,
3348 3012 3441 3067 sed
3461 3011 3619 3084 igno-

1966 3103 1987 3145 ἲ
2038 3097 2233 3154 netia:
2269 3099 2651 3169 deputandum.
2679 3100 2781 3169 Qui
2807 3102 2951 3157 enim
2978 3103 3218 3174 agnitum
3263 3100 3404 3160 illico
3434 3105 3618 3175 sequi-

2041 3198 2183 3252 mur,
2208 3188 2337 3243 olim
2376 3190 2562 3260 utique
2590 3206 2974 3262 sequeremur,
3019 3194 3065 3250 si
3116 3204 3240 3251 ante
3274 3197 3618 3268 cognovisse-

366 3283 503 3354 pluit
530 3283 789 3343 Dominus
817 3289 873 3343 in
898 3287 1132 3356 deserto,
1164 3298 1219 3346 et
1247 3292 1399 3360 quasi
1429 3288 1554 3347 filiis
1578 3291 1690 3347 suis
1718 3289 1938 3346 caeleste

2042 3294 2181 3336 mus.
2215 3278 2305 3337 Sic
2335 3281 2528 3339 autem
2572 3297 2669 3339 vos
2700 3285 2766 3339 de
2806 3287 3019 3357 generis
3061 3284 3342 3343 nobilitate
3373 3287 3616 3358 iactatis,

368 3376 619 3447 pabulum
651 3380 1006 3445 ministravit;
1049 3398 1145 3437 nos
1171 3383 1258 3438 die
1291 3392 1561 3454 noctuque
1585 3384 1640 3438 in
1687 3383 1939 3439 columna

366 3466 529 3531 nubis
548 3468 795 3539 ignisque
815 3472 1109 3541 praecessit,
1132 3482 1191 3528 ut
1213 3474 1367 3529 nobis
1389 3474 1440 3528 in
1471 3476 1614 3529 invio
1630 3474 1739 3529 iter
1761 3483 1943 3531 osten-

2040 3372 2198 3442 φικὶ
2230 3386 2336 3429 non
2364 3386 2574 3429 morum
2602 3374 2836 3430 imitatio
2861 3376 3031 3447 magis
3061 3388 3223 3447 quam
3250 3372 3485 3433 carnalis
3516 3392 3617 3433 na-

2043 3463 2225 3518 tivitas
2278 3476 2374 3523 vos
2416 3466 2587 3522 faciat
2631 3467 2771 3523 filios
2822 3482 2942 3524 esse
2993 3478 3323 3527 sanctorum.
3370 3462 3616 3541 Denique

368 3555 523 3611 deret
550 3553 744 3629 (Ειιέοά.
773 3576 872 3625 xu,
905 3576 1027 3626 xui,
1054 3577 1147 3615 xiv
1171 3572 1218 3615 et
1244 3562 1406 3633 seqq.)
1439 3580 1452 3618 :
1486 3573 1646 3632 atque
1670 3572 1729 3617 ut
1749 3571 1939 3619 caetera

2043 3552 2182 3608 Esau
2205 3563 2261 3610 et
2289 3557 2497 3621 lsmael,
2531 3568 2652 3611 cum
2689 3573 2758 3612 ex
2785 3558 3014 3614 Abrahae
3042 3561 3208 3629 stirpe
3232 3560 3364 3626 sint,
3390 3560 3613 3616 minime

366 3634 483 3714 ejiis
510 3646 656 3702 circa
684 3662 782 3704 nos
806 3650 1069 3705 immensa
1096 3650 1357 3706 beneficia
1384 3661 1685 3717 taceamus,
1718 3668 1817 3708 nos
1842 3653 1940 3708 soli

294 3728 297 3735 ’
370 3736 513 3807 digni
560 3735 760 3793 {uineis
790 3735 882 3794 Dei
926 3739 1102 3810 legem
1133 3741 1400 3811 accipere,
1424 3751 1477 3797 et
1501 3757 1686 3797 vocem
1730 3738 1824 3797 Dei
1859 3741 1941 3797 lo-

365 3829 585 3898 quentis
630 3829 837 3893 audire,
881 3829 1103 3901 ejusque
1142 3846 1469 3902 cognoscere
1500 3833 1855 3899 voluntatem,
1884 3833 1940 3888 in

367 3932 471 3987 qua
491 3918 605 3990 iege
631 3920 786 3977 nobis
807 3922 1108 3992 promissus
1125 3932 1211 3979 est
1232 3923 1497 3991 Christus,
1523 3927 1591 3979 ad
1614 3938 1749 3994 quos
1777 3924 1940 3980 etiam

364 4009 479 4079 ipse
510 4025 568 4065 se
606 4013 817 4066 venisse
854 4018 1084 4069 testatus
1124 4020 1226 4077 est,
1267 4009 1493 4068 dicens:
1524 4012 1651 4068 Non
1686 4015 1804 4068 veni
1838 4013 1939 4069 nisi

365 4102 433 4153 ad
468 4112 604 4169 oves,
644 4117 760 4174 qua:
804 4104 1086 4173 perierunt.
1140 4104 1327 4161 domas
1363 4102 1509 4159 Irae!
1553 4102 1767 4174 (Matth.
1818 4104 1936 4177 xv),

366 4206 487 4261 cum
518 4198 611 4246 v'os
644 4207 804 4248 canes
848 4194 1029 4264 potius
1072 4210 1234 4265 quam
1270 4195 1519 4253 homines
1564 4197 1933 4266 appellaverit.

363 4276 599 4355 Equum
630 4299 696 4341 ne
726 4298 852 4358 ergo
874 4296 957 4342 est
983 4295 1040 4343 ut
1071 4289 1230 4345 hodie
1267 4289 1411 4343 idola
1447 4289 1779 4357 deserentes,
1816 4291 1937 4360 qui=

363 4373 463 4427 bus
497 4374 565 4428 ab
586 4375 739 4430 initio
766 4373 1102 4443 deservistis,
1122 4378 1283 4433 nobis
1312 4382 1722 4448 conmaremini,
1753 4390 1936 4436 etnon

363 4465 541 4533 potius
574 4467 629 4519 in
666 4468 1064 4538 proselytorum
1113 4470 1231 4525 loco
1259 4484 1325 4524 ex
1352 4470 1487 4541 legis
1523 4473 1846 4526 auctoritate
1880 4478 1937 4526 et

364 4556 748 4612 consuetudine
785 4558 1141 4627 deputcmini;
1188 4570 1245 4614 et
1274 4563 1376 4617 hoc
1413 4563 1588 4632 ipsum
1614 4579 1724 4617 non
1763 4574 1936 4617 mere-

363 4646 586 4717 bamini,
610 4648 710 4701 nisi
737 4650 865 4717 quia
897 4646 1048 4717 larga
1072 4650 1166 4707 Dei
1207 4667 1418 4722 semper
1444 4652 1733 4708 clementia
1762 4652 1934 4709 voluit
1960 4635 2013 4695 Ῑ)

362 4752 458 4791 vos
481 4738 547 4813 ad
575 4748 815 4795 nostram
838 4742 1195 4799 imitationem
1221 4745 1524 4799 admittere.
1548 4744 1750 4801 Gentes
1769 4747 1931 4801 etiam

365 4841 396 4882 e
421 4831 693 4885 contrario
728 4832 1128 4901 respondebant
1158 4852 1171 4888 :
1205 4834 1421 4902 Quanto
1450 4837 1655 4907 niajora
1678 4852 1805 4907 erga
1839 4848 1934 4891 vos

365 4920 456 4997 Qei
493 4920 753 4978 beneﬁcia
789 4925 1158 4991 narraret-itis,
1187 4922 1340 4981 tanto
1369 4927 1587 4997 majoris
1631 4940 1723 4983 vos
1749 4928 1935 4983 crimi-

364 4981 445 5068 [iis
480 5028 599 5069 esse
645 5028 768 5071 reos
815 5017 1210 5083 monstrabitis,
1249 5033 1467 5089 semper
1506 5019 1652 5073 enim
1696 5019 1782 5073 his
1816 5032 1936 5073 om-

365 5106 519 5161 nibus
566 5107 849 5163 exstitistis
896 5107 1111 5179 ingrati.
1176 5107 1310 5164 Nam
1361 5110 1490 5180 ipsis
1540 5108 1766 5181 pedibus
1814 5112 1933 5180 quis

362 5199 469 5275 busl
508 5200 717 5256 aridum
768 5214 916 5257 mare
962 5201 1255 5266 transistis,
1298 5200 1565 5258 ludebatis
1617 5214 1743 5259 ante
1790 5203 1932 5257 idola

360 5284 487 5357 qua!
512 5288 761 5361 fecistis;
794 5301 849 5348 et
891 5294 1007 5365 ipso
1052 5306 1147 5349 ore
1185 5308 1293 5363 quo
1334 5290 1497 5364 paulo
1542 5304 1670 5349 ante
1716 5295 1789 5349 ab
1837 5308 1927 5349 ae-

361 5394 475 5433 rem
516 5378 811 5438 adversarii
848 5383 1074 5439 Domino
1104 5384 1483 5449 cantaveratis,
1519 5385 1804 5439 simulacra
1828 5398 1931 5440 vo-

362 5470 442 5523 bis
492 5470 604 5527 iieri
643 5474 980 5543 poposcistis.
1018 5476 1125 5532 Illis
1164 5474 1335 5532 oculis
1381 5476 1682 5531 veneranda
1732 5474 1931 5545 quibus

363 5562 571 5639 Domini
603 5566 654 5619 in
682 5566 822 5619 nube
847 5574 903 5621 et
930 5568 1051 5638 igne
1079 5570 1391 5639 conspicere
1417 5567 1695 5623 solebatis.
1736 5566 1929 5621 Manna

360 5668 571 5725 quoque
614 5656 769 5711 vobis
808 5657 1024 5713 fastidio
1065 5661 1204 5737 fuit,
1254 5668 1312 5716 et
1352 5673 1570 5729 semper
1620 5659 1673 5714 in
1717 5660 1929 5714 deserto

361 5748 547 5805 eontra
578 5747 859 5806 Dominum
905 5752 1307 5825 murmurastis,
1331 5753 1401 5809 ad
1436 5749 1753 5825 Egyptunt,
1781 5751 1927 5810 unde

2042 3644 2097 3699 in
2120 3644 2259 3700 alios
2282 3656 2617 3716 reputa-tur.
2650 3646 2745 3703 liis
2768 3649 2951 3703 taliter
2980 3646 3364 3705 altercantibus
3388 3646 3616 3721 Aposto-
3670 3678 3685 3697 ι

2040 3737 2126 3793 ius
2177 3752 2237 3793 se
2286 3738 2523 3793 medium
2570 3739 2948 3811 interponens,
3006 3741 3080 3795 ita
3124 3740 3359 3812 partium
3411 3734 3617 3796 dirimit

2039 3831 2388 3902 quaestiones,
2431 3839 2489 3885 ut
2519 3840 2767 3887 neutrum
2798 3844 2985 3887 eorum
3012 3847 3105 3888 sua
3131 3832 3341 3903 iustitia
3388 3832 3615 3888 salutem

2040 3924 2306 3979 meruisse
2338 3923 2626 3991 ostendat;
2656 3927 2842 3982 ambos
2872 3940 3001 3981 vero
3026 3926 3251 3998 populos
3287 3933 3341 3980 et
3379 3922 3594 3981 sciente.

2040 4022 2096 4069 et
2115 4015 2350 4084 graviter
2387 4014 2709 4084 deliquisse:
2741 4014 2974 4080 Iudaeos,
3000 4012 3142 4085 quod
3162 4030 3262 4087 per
3289 4015 3611 4086 praevarica-

2041 4106 2241 4160 tionem
2288 4104 2421 4176 legis
2486 4106 2649 4159 Deum
2702 4104 3178 4173 inhonoraverint,
3229 4113 3415 4177 gentes
3460 4120 3612 4171 vero,

2040 4197 2181 4270 quod
2207 4212 2329 4251 cum
2356 4198 2633 4268 cognitum
2660 4197 2725 4254 de
2748 4194 2995 4253 creatura
3037 4207 3339 4253 creatorem
3358 4206 3420 4252 ut
3442 4196 3611 4251 Deum

2039 4291 2324 4346 debuerint
2348 4291 2618 4356 venerari,
2644 4291 2867 4362 gloriam
2887 4290 3006 4359 eius
3027 4291 3081 4345 in
3105 4307 3264 4345 manu
3284 4290 3427 4346 facta
3449 4290 3611 4345 simu-

2038 4382 2183 4437 lacra
2232 4382 2677 4438 immutaverint:
2710 4386 2969 4454 utrosque
3016 4382 3181 4438 etiam
3228 4378 3477 4437 similiter
3512 4392 3619 4435 ve-'

2037 4475 2181 4529 niam
2229 4483 2571 4540 mentitos,
2619 4475 2856 4545 aquam
2891 4482 3018 4531 ease
3066 4475 3348 4531 verissima
3402 4462 3611 4529 ratione
3658 4521 3676 4533 .

2038 4565 2390 4629 demonstrat,
2405 4564 2708 4635 praesertim
2724 4579 2846 4618 cum
2871 4565 2925 4618 in
2948 4565 3136 4618 eadem
3155 4564 3284 4635 iege,
3296 4563 3611 4634 praedictum

2038 4656 2109 4710 sit
2126 4668 2183 4709 et
2210 4654 2425 4709 Judieos
2459 4663 2516 4709 et
2543 4662 2731 4724 gentes
2758 4655 2828 4708 ad
2858 4654 3060 4710 Christi
3101 4650 3262 4711 ﬁdem
3301 4655 3607 4717 vocandus;

2018 4736 2387 4814 1quamobrem
2430 4742 2667 4797 vicissim
2712 4757 2806 4797 eos
2845 4742 3165 4807 bumiliaus,
3217 4743 3284 4795 ad
3324 4756 3509 4812 pacem
3558 4749 3614 4797 et

2038 4835 2380 4891 concordiam
2436 4836 2771 4890 cohortatur.
2832 4826 3100 4906 (Arnim)
3153 4833 3376 4890 Constat
3429 4836 3612 4904 itaque

2038 4927 2371 4996 temporibus
2391 4926 2753 4995 apostolorum
2792 4922 3005 4980 Judieos
3027 4932 3316 4996 propterea
3340 4924 3481 4997 quod
3508 4924 3609 4980 sub

2037 5032 2200 5086 regno
2222 5016 2464 5069 Romano
2499 5023 2741 5085 agerent,
2770 5012 2954 5068 Romae
2983 5012 3285 5077 habitasse;
3321 5028 3389 5067 ex
3412 5013 3607 5083 quibus

2041 5108 2094 5163 hi
2133 5108 2225 5177 qui
2257 5106 2615 5172 crediderant,
2658 5106 2999 5161 tradiderunt
3037 5103 3322 5171 Romanis,
3354 5114 3416 5160 ut
3452 5103 3608 5160 Chri-

2038 5210 2178 5257 stum
2212 5198 2530 5268 proﬁtentes
2572 5199 2743 5269 legem
2783 5204 3093 5263 servarunt;
3133 5196 3363 5252 Restant
3402 5206 3603 5263 autem,

2037 5293 2218 5346 audita
2243 5289 2385 5345 fama
2424 5270 2680 5345 virtutum
2708 5288 2933 5353 Christi,
2966 5287 3154 5344 faciles
3180 5290 3248 5344 ad
3279 5289 3605 5351 credendum

2036 5383 2271 5438 fuerunt.
2300 5390 2359 5435 at
2378 5390 2505 5450 pote
2524 5381 2847 5451 prudentes;
2868 5392 2970 5435 aee
2994 5379 3267 5436 immerito
3287 5380 3602 5451 prudentes,

2036 5475 2126 5544 qui
2156 5473 2299 5527 inale
2343 5472 2544 5529 inducti
2591 5470 2775 5526 statim
2808 5469 3037 5526 correcti
3072 5478 3232 5535 sunt,
3268 5478 3325 5525 et
3354 5485 3604 5540 perman-

2033 5572 2220 5620 serunt
2247 5565 2299 5617 in
2326 5579 2395 5619 eo
2424 5579 2440 5617 :
2474 5564 2524 5618 lii
2553 5574 2684 5633 ergo
2712 5578 2779 5619 ex
2813 5561 3012 5619 Iudaeis
3048 5564 3335 5621 eiulantes
3363 5562 3598 5627 Christo,

2030 5664 2090 5710 ut
2118 5655 2279 5709 datur
2305 5653 2543 5725 intelligi,
2572 5669 2678 5709 aeu
2712 5654 3049 5725 accipiebant
3076 5653 3361 5719 Dominum
3386 5666 3509 5709 esse
3534 5652 3602 5708 de

2030 5749 2162 5817 Deo,
2188 5755 2444 5821 put-des
2460 5746 2558 5803 ui
2578 5747 2691 5805 Deo
2708 5747 3031 5817 adventum;
3055 5745 3412 5819 quamobrem
3439 5752 3603 5823 negat
