4056 6336
286 434 423 498 1285

844 432 1402 497 ENARRATIONUM
1437 436 1509 496 IN
1544 434 1695 496 ΕΡΡ.
1738 436 1946 501 PAULI
1983 430 2113 499 LIB.
2154 441 2195 499 l.
2233 471 2304 484 —
2339 435 2411 501 lN
2445 438 2669 503 EPIST.
2703 440 2800 502 AD
2839 441 3007 504 ROM.

3416 444 3560 507 £286

281 556 696 631 prtedestinatus
725 562 807 612 est
849 558 1143 613 secundum
1187 555 1440 627 spiritum
1490 554 1874 612 sanetiticatio-
1900 558 1953 625 Α
1978 570 2142 613 carne
2166 564 2221 613 et
2269 557 2493 629 spiritus
2521 558 2971 616 sanctiﬁcationis
3008 558 3095 616 vel
3124 558 3319 617 divinae
3346 562 3566 621 virtutis

282 650 392 715 nis,
421 649 476 703 in
513 648 714 705 virtute
740 647 1079 704 manifestari
1106 642 1275 703 Filius
1296 647 1390 702 Dei
1420 663 1543 702 cum
1574 649 1809 717 resurgit
1836 664 1868 703 a

283 740 535 815 mortuis,
566 740 706 795 sicut
748 740 1008 811 scriptum
1040 747 1122 795 est
1149 740 1203 795 in
1232 739 1439 811 psalmo
1467 756 1667 794 Lxxxw
1696 757 1709 794 :
1772 736 1870 795 Ve-

285 835 411 887 ritas
440 833 506 886 de
549 841 689 886 terra
716 842 831 885 orta
876 840 969 897 est,
1022 831 1200 887 omnis
1233 831 1377 885 enim
1421 831 1769 903 ambiguitas,
1818 842 1872 887 et

283 921 577 978 difﬁdentia
628 922 1023 978 resurrectione
1075 921 1192 994 ejus
1236 920 1441 978 calcata
1497 930 1581 977 est
1628 932 1683 978 et
1725 939 1873 979 com-

282 1030 501 1086 pressa,
537 1014 805 1085 siquidem
851 1015 1028 1069 adhuc
1060 1014 1114 1069 in
1158 1026 1321 1069 cruce
1351 1013 1529 1085 posito
1557 1056 1572 1081 ,
1625 1017 1871 1072 centurio

282 1105 471 1160 videns
493 1105 784 1177 magnalla,
803 1100 896 1161 Dei
911 1103 1107 1160 Filium
1131 1104 1420 1161 confitetur
1442 1092 1657 1176 (Matth.
1676 1107 1869 1177 xxvii),

284 1212 408 1251 nam
433 1203 488 1251 et
517 1195 765 1266 discipuli
793 1194 847 1250 in
876 1204 1052 1251 morte
1081 1188 1196 1264 ejus
1230 1194 1629 1261 dubitaverunt,
1660 1198 1873 1255 dicente

283 1286 478 1359 Cleopa
509 1296 563 1344 et
595 1288 861 1343 Emmau:
906 1286 1020 1343 Nos
1044 1288 1360 1358 putabamus
1417 1286 1540 1359 quia
1602 1288 1711 1361 ipse
1760 1296 1872 1342 erat

281 1383 370 1455 qui
392 1382 667 1453 incipiebat
706 1380 930 1437 liberare
977 1380 1150 1437 Israel
1172 1379 1328 1453 (Luc.
1359 1380 1553 1453 xxiv);
1587 1381 1701 1450 ipse
1728 1382 1873 1436 enim

280 1476 545 1533 Dominus
571 1477 646 1531 ait
671 1494 684 1531 :
717 1475 848 1531 Cum
873 1474 1232 1531 exultaveritis
1268 1474 1440 1546 ﬁlium
1467 1475 1692 1530 hominis
1710 1516 1725 1543 ,
1752 1485 1873 1529 tunc

282 1571 598 1643 cognoscetis
622 1569 747 1642 quia
771 1569 878 1641 ipse
900 1585 992 1641 ego
1024 1585 1140 1623 sum
1166 1565 1351 1642 (Joan.
1377 1566 1499 1642 vm)
1526 1585 1541 1635 ;
1568 1576 1622 1622 et
1648 1566 1871 1622 iterum:

283 1662 415 1719 Cum
445 1662 709 1718 exaltatus
756 1660 907 1732 fuero
951 1677 983 1714 a
1011 1670 1173 1725 terra,
1202 1660 1379 1714 omnia
1429 1658 1636 1713 trahant
1686 1657 1755 1712 ad
1796 1674 1876 1711 me

283 1753 469 1827 (Joan.
502 1753 626 1826 xu),
654 1754 708 1809 id
728 1762 831 1820 est,
867 1760 995 1808 tunc
1018 1766 1316 1824 coguoscar
1344 1750 1584 1805 omnium
1621 1764 1740 1804 esse
1771 1746 1876 1803 Do-

284 1851 480 1907 minus.
532 1848 657 1906 ldeo
682 1857 860 1904 autem
885 1862 991 1903 non
1019 1846 1175 1912 dixit,
1217 1861 1284 1899 ex
1310 1842 1707 1899 resurrectione
1748 1841 1874 1898 Jesu

1971 640 2270 703 substantia
2300 649 2630 717 nominatur,
2665 651 2731 707 de
2760 667 2866 723 qua
2894 651 3019 708 alibi
3064 654 3176 725 ipse
3208 653 3458 712 Salvator
3482 657 3567 712 di-

1970 738 2065 803 cit,
2095 739 2223 808 quia
2267 741 2431 796 tristis
2458 752 2533 797 est
2563 743 2743 798 anima
2778 760 2893 799 mea
2940 762 3100 819 usque
3128 744 3197 802 ad
3223 758 3463 815 mortem,
3504 758 3561 806 et

1972 844 2108 883 nunc
2130 831 2309 885 anima
2336 848 2451 886 mea
2480 833 2690 888 turbata
2712 842 2785 889 est
2809 834 3024 913 (Matth.
3051 853 3178 895 xxv1
3202 855 3216 905 ;
3250 838 3409 894 Joan.
3435 840 3561 911 xu),

1971 935 2134 991 quam
2166 938 2195 976 a
2218 924 2510 995 semetipso
2536 926 2720 997 ponit,
2760 927 2869 983 imo
2921 934 3039 1001 Qua:
3080 946 3254 1001 usque
3278 932 3344 986 ad
3393 931 3563 986 infer-

1971 1030 2101 1069 num
2130 1014 2432 1081 descendit,
2462 1017 2527 1072 de
2551 1033 2657 1087 qua
2679 1017 2877 1073 dicitur
2903 1038 2916 1073 :
2952 1018 3075 1076 Non
3097 1020 3424 1095 derelinques
3451 1023 3567 1078 ani-

1972 1124 2113 1161 mam
2157 1125 2323 1162 meam
2372 1109 2428 1163 in
2468 1108 2698 1179 inferno.
2740 1109 2959 1166 Certum
2999 1121 3085 1167 est
3112 1114 3255 1177 θιιὶιη
3287 1114 3414 1188 quia
3446 1116 3564 1172 haec

1973 1199 2173 1255 nonde
2202 1201 2407 1256 semine
2444 1200 2614 1258 David
2645 1210 2900 1273 generata
2929 1203 3043 1270 sit;
3093 1203 3223 1261 dicit
3249 1207 3393 1262 enim
3435 1208 3563 1278 quia

1972 1289 2111 1360 quod
2130 1290 2329 1360 factum
2358 1301 2433 1345 est
2464 1308 2529 1346 ex
2569 1290 2765 1348 semine
2808 1291 2977 1355 David
3018 1295 3309 1353 secundum
3351 1314 3563 1353 carnem

1972 1391 2069 1447 est,
2108 1383 2233 1453 quia
2262 1397 2390 1453 ergo
2420 1393 2595 1454 neque
2642 1385 2698 1438 in
2745 1399 2811 1441 eo
2841 1384 2983 1455 quod
3020 1387 3315 1442 secundum
3343 1404 3567 1444 carnem

1973 1482 2080 1540 est,
2113 1474 2325 1529 videtur
2347 1474 2718 1541 annumerari,
2760 1492 2939 1546 neque
2972 1476 3024 1531 in
3064 1492 3129 1533 eo
3151 1476 3241 1539 ubi
3266 1476 3569 1533 destinatur

1974 1565 2143 1621 Filius
2177 1566 2273 1621 Dei
2318 1566 2372 1621 in
2398 1567 2598 1622 virtute
2636 1568 2933 1623 secundum
2982 1568 3233 1639 spiritum
3263 1569 3570 1624 sanctiﬁca-
3600 1614 3605 1619 .

1976 1660 2159 1726 tionis,
2190 1669 2321 1732 puto
2347 1661 2488 1735 quod
2511 1661 2904 1718 consuetudine
2924 1677 3021 1716 sua
3055 1660 3343 1733 Apostolus
3366 1670 3568 1731 utatur,

1976 1753 2142 1807 etiam
2168 1752 2223 1806 in
2255 1752 2360 1808 hoc
2402 1753 2522 1809 loco
2542 1795 2557 1823 ,
2602 1755 2780 1811 sciens
2806 1754 3038 1813 mediam
3065 1769 3280 1828 semper
3305 1769 3427 1811 esse
3456 1756 3572 1811 ani-

1976 1858 2123 1917 mam
2160 1840 2305 1897 inter
2357 1842 2608 1914 spiritum
2640 1852 2695 1899 et
2740 1859 2990 1913 carnem,
3040 1854 3100 1899 ut
3128 1854 3220 1898 aut
3259 1844 3488 1916 jungere
3517 1860 3576 1902 se

283 1938 510 2005 Christi,
543 1940 636 1996 sed
658 1956 725 1995 ex
755 1946 1089 1994 mortuorum
1108 1977 1123 2005 ,
1152 1935 1276 2008 quia
1308 1937 1633 1991 resurrectio
1673 1934 1874 1991 Christi
1904 1939 1951 1999 B
1979 1936 2129 1991 carni
2160 1940 2216 1990 et
2236 1935 2373 1992 ellici
2404 1953 2571 1992 unum
2603 1953 2727 1992 cum
2757 1952 2943 2003 carne,
2983 1954 3079 1993 seu
3107 1938 3340 2011 spiritui,
3374 1947 3575 1998 etesse

202 2052 211 2063 α
284 2034 588 2111 generalem
632 2033 822 2091 tribuit
867 2029 1360 2099 resurrectionem;
1391 2026 1508 2084 luec
1534 2028 1678 2083 enim
1707 2025 1876 2096 major

283 2126 498 2184 videtur
524 2129 698 2183 virtus
723 2126 777 2182 in
805 2125 1024 2183 Christo
1054 2133 1109 2197 et
1136 2123 1363 2178 victoria
1413 2130 1474 2175 ut
1517 2136 1581 2177 ea
1607 2128 1875 2192 potestate

284 2231 602 2294 Operaretur
628 2230 896 2286 mortuus,
951 2234 1057 2291 qua
1103 2224 1358 2289 operatus
1397 2214 1573 2270 fuerat
1609 2224 1662 2270 et
1698 2214 1872 2280 vivus,

283 2329 394 2388 quo
440 2313 583 2372 tacto
629 2314 878 2386 apparuit
920 2310 1159 2366 induisse
1204 2316 1434 2364 mortem
1476 2315 1537 2361 ut
1586 2305 1878 2361 redimeret

284 2423 405 2463 nos.
460 2407 645 2478 (Aug.)
700 2404 853 2474 Quod
894 2413 1075 2460 autem
1128 2401 1248 2468 ait,
1299 2398 1588 2456 secundum
1634 2398 1877 2471 spiritum

283 2501 719 2574 sanctiﬁcationis
749 2516 815 2555 ea:
866 2496 1241 2553 resurrectione
1276 2502 1624 2559 mortuorum,
1660 2478 1727 2545 id
1767 2498 1874 2559 est,
1906 2506 1911 2509 '

285 2595 413 2665 quia
441 2593 676 2664 Spiritus
703 2593 902 2649 donum
934 2595 1260 2659 acceperunt
1292 2604 1304 2640 :
1333 2594 1455 2657 post
1486 2584 1601 2654 ejus
1634 2597 1879 2643 resurre-

287 2689 527 2742 ctionem
575 2680 915 2741 mortuorum
965 2678 1416 2738 resurrectionem
1466 2680 1877 2747 commemorat,

290 2778 419 2850 quia
472 2777 525 2831 in
586 2776 703 2846 ipso
750 2789 940 2831 omnes
993 2770 1359 2843 cruciﬁgimur
1415 2775 1471 2824 et
1522 2766 1875 2839 resurgimus.

291 2868 491 2942 (0rig.)
519 2867 822 2926 Notandum
848 2873 1027 2921 autem
1062 2863 1219 2934 juxta
1243 2863 1504 2934 quosdam
1531 2859 1672 2931 quod
1694 2874 1881 2929 quaut-

288 2961 372 3016 vis
398 2961 453 3015 in
480 2958 689 3017 Latinis
731 2956 1131 3028 exemplaribus
1159 2952 1560 3025 prwdestinatus
1588 2949 1760 3007 soleat
1801 2949 1882 3003 in—

288 3051 467 3107 veniri
490 3090 507 3118 ,
562 3059 743 3106 tamen
771 3047 1070 3105 secundum
1119 3047 1264 3118 quod
1298 3041 1763 3115 interpretationis
1790 3056 1880 3096 ve-

288 3143 428 3198 ritas
459 3141 641 3208 habet,
684 3140 975 3196 destinatus
1008 3138 1268 3209 scriptum
1298 3144 1402 3203 est,
1442 3150 1550 3191 non
1595 3133 1880 3207 praedesti-

1982 2043 2147 2081 unum
2181 2043 2306 2083 cum
2337 2030 2553 2099 spiritu,
2596 2044 2660 2084 ex
2703 2043 2811 2101 quo
2842 2030 3110 2103 siquidem
3136 2046 3261 2086 cum
3288 2047 3454 2086 carne
3479 2030 3572 2099 sit,

1978 2123 2228 2180 carnales
2258 2124 2508 2180 homines
2543 2123 2675 2179 fiant
2704 2142 2718 2192 ;
2766 2126 2809 2180 si
2861 2141 2990 2180 vero
3020 2141 3143 2185 cum
3176 2126 3387 2196 spiritu,
3416 2124 3576 2197 spiri-
3632 2110 3637 2117 ’

1979 2214 2135 2281 tales,
2182 2224 2239 2271 et
2268 2216 2469 2272 idcirco
2495 2217 2835 2273 extrinsecus
2872 2232 2991 2271 eam
3018 2232 3126 2270 non
3156 2216 3433 2282 nominat,
3480 2215 3574 2273 sed

1979 2324 2198 2364 carnem
2225 2318 2403 2364 tamen
2432 2309 2517 2365 vel
2547 2309 2794 2382 spiritum
2813 2350 2829 2379 ,
2877 2309 2981 2366 scit
3018 2309 3163 2367 enim
3198 2306 3353 2364 alteri
3383 2308 3575 2364 horum

1978 2402 2288 2458 necessario
2316 2402 2553 2459 animam
2576 2405 2873 2471 cohmrcre,
2905 2403 3044 2461 sicut
3073 2412 3128 2459 et
3156 2403 3213 2463 in
3239 2403 3323 2461 his
3344 2404 3412 2459 ad
3438 2417 3576 2475 quos

1979 2493 2155 2550 dicit:
2206 2492 2307 2550 Vos
2335 2505 2509 2550 autem
2546 2497 2601 2550 in
2641 2512 2798 2551 carne
2840 2512 2946 2555 nou
2970 2496 3113 2560 estis,
3157 2494 3249 2553 sed
3292 2496 3349 2557 in
3387 2494 3578 2567 spiritu
3630 2538 3637 2547 ι

1982 2586 2153 2659 (Rom.
2187 2587 2306 2662 vm)
2334 2605 2348 2654 ;
2378 2597 2432 2645 et
2461 2606 2475 2643 :
2522 2588 2627 2656 Qui
2662 2606 2717 2651 se
2739 2589 2917 2661 jungit
2963 2589 3245 2657 meretrici,
3271 2604 3433 2647 unum
3459 2604 3577 2645 cor-

1962 2696 2076 2750 pus
2105 2690 2179 2735 est
2208 2678 2262 2754 (Ι
2299 2676 2423 2737 Cor.
2454 2680 2554 2753 γι),
2579 2682 2924 2741 meretricem
2943 2682 3051 2766 ‘hic
3082 2696 3303 2741 carnem
3332 2680 3417 2737 vel
3445 2695 3572 2739 cor-
3640 2710 3645 2725 ι

1980 2787 2082 2845 pus
2131 2787 2380 2828 vocans:
2443 2770 2546 2839 Qui
2589 2782 2764 2828 autem
2808 2789 2863 2829 se
2906 2772 3087 2847 junqit
3132 2771 3388 2839 Domino,
3438 2786 3578 2827 unus

1982 2864 2202 2935 spiritus
2246 2873 2323 2919 est
2364 2880 2487 2920 cum
2542 2880 2608 2920 eo
2639 2863 2850 2939 (Ibid.).
2914 2863 2993 2923 Ita
3040 2880 3169 2937 ergo
3217 2864 3380 2925 etiam
3431 2878 3579 2921 nunc

1983 2955 2161 3011 sciens
2186 2955 2253 3011 de
2280 2956 2459 3011 anima
2488 2954 2637 3021 Jesu,
2671 2955 2795 3026 quia
2823 2956 3030 3012 sociata
3057 2955 3291 3013 Domino
3313 2964 3368 3013 et
3397 2954 3576 3013 cohae-

1984 3062 2111 3103 rens
2140 3047 2190 3107 ei
2219 3062 2358 3105 unus
2388 3063 2510 3104 cum
2544 3048 2661 3119 ipso
2692 3046 2867 3105 factus
2906 3047 2978 3103 sit
3021 3048 3248 3118 spiritus
3276 3045 3580 3107 sanctiﬁca-
3646 3070 3649 3077 ’

1987 3141 2171 3209 tionis,
2215 3157 2326 3199 non
2346 3155 2465 3196 eam
2496 3141 2803 3203 nominavit
2839 3140 3182 3199 extrinsecus
3203 3179 3220 3207 ,
3251 3154 3318 3195 ne
3341 3136 3581 3195 solveret

287 3244 488 3299 natus;
527 3233 832 3288 destinatur
890 3230 1035 3287 enim
1076 3230 1166 3287 ille
1204 3230 1295 3300 qui
1335 3238 1437 3295 est,
1466 3227 1880 3303 prtedasunatur

1984 3233 2168 3291 Iesum
2194 3252 2209 3303 ;
2237 3235 2380 3307 quod
2406 3235 2552 3291 enim
2576 3234 2720 3291 lleus
2763 3233 3036 3305 conjunxit
3067 3233 3221 3288 homo
3248 3248 3352 3289 non
3374 3237 3581 3305 separet

286 3339 420 3382 vero
450 3323 538 3381 ille
561 3324 653 3394 qui
684 3324 918 3383 nondum
958 3329 1066 3388 est,
1108 3322 1250 3379 sicut
1278 3321 1344 3379 de
1383 3320 1469 3379 his
1516 3320 1710 3391 quibus
1748 3318 1879 3379 dicit
1909 3303 1955 3368 C
1987 3325 2183 3399 (Μαι-ο.
2232 3303 2332 3398 ii);
2368 3326 2815 3383 sanctiﬁcationis
2852 3303 2983 3381 vero
3023 3323 3245 3396 spiritus
3268 3303 3577 3383 diciturse-
3650 3352 3655 3357 ·

285 3417 600 3490 Apostolus,
648 3433 776 3488 quos
799 3426 973 3473 autem
998 3415 1277 3486 prwscivit,
1321 3413 1439 3469 illos
1469 3424 1515 3469 et
1541 3412 1882 3483 prtrdestina-

288 3512 357 3565 vit
386 3508 566 3581 (Rom.
591 3514 714 3578 vni)
745 3525 759 3561 :
791 3506 1032 3579 praesciri
1058 3514 1113 3561 et
1138 3504 1513 3576 pratdestinari
1556 3504 1784 3575 possunt
1806 3502 1883 3559 illi

290 3608 382 3678 qui
412 3605 655 3662 nondum
684 3613 846 3670 sunt;
881 3602 970 3658 ille
996 3610 1177 3658 autem
1207 3600 1299 3671 qui
1329 3608 1411 3657 est
1439 3607 1494 3656 et
1519 3613 1733 3668 semper
1776 3606 1882 3663 est,

290 3714 401 3756 non
413 3692 849 3768 prtedestinatur,
872 3692 969 3748 sed
996 3691 1318 3748 destinatur.
1348 3689 1476 3745 llzec
1503 3705 1534 3747 a
1560 3690 1716 3745 nobis
1738 3689 1884 3745 dicta

292 3791 405 3847 sint
437 3796 667 3861 propter
698 3802 814 3852 eos,
832 3785 925 3857 qui
968 3786 1022 3840 in
1058 3784 1399 3856 unigenitum
1425 3782 1623 3839 Filium
1652 3782 1747 3836 Dei
1778 3781 1881 3836 im-

292 3884 551 3952 pietatem
573 3880 889 3951 loquuntur,
918 3885 973 3933 et
1000 3877 1313 3950 ignorantes
1331 3874 1690 3932 ditl‘erentia‘m
1722 3872 1887 3930 desti-

295 3976 409 4030 nati
437 3983 494 4032 et
517 3973 912 4047 praedestinati,
935 3977 1125 4043 putant
1162 3984 1285 4025 eum
1315 3970 1459 4027 inter
1479 3984 1574 4025 eos
1613 3968 1726 4039 qui,
1760 3982 1885 4024 cum

296 4078 425 4126 ante
452 4087 558 4127 non
588 4068 807 4135 fuerint,
851 4066 1221 4140 praadestinati
1259 4073 1406 4132 sunt,
1458 4074 1519 4123 ut
1547 4072 1749 4130 essent,
1786 4080 1886 4119 nu-

295 4162 638 4227 merandum,
666 4161 759 4231 qui
784 4175 1055 4232 nunquam
1077 4158 1496 4229 prmdestinatus
1520 4167 1627 4224 est,
1664 4166 1725 4214 ut
1745 4156 1887 4214 illius

189 4311 207 4321 ,
295 4263 461 4319 esset,
496 4254 590 4309 sed
611 4268 824 4324 semper
851 4252 954 4307 fuit
977 4251 1119 4307 sicut
1143 4251 1339 4318 Pater;
1396 4251 1485 4322 qui
1518 4266 1648 4322 ergo
1674 4266 1887 4322 semper

295 4354 403 4411 est,
435 4346 759 4410 destinatur,
787 4352 848 4397 ut
868 4344 1125 4409 diximus,
1162 4358 1270 4398 non
1298 4342 1714 4412 prmdestiuatur
1746 4360 1759 4395 :
1791 4340 1886 4411 qui

296 4445 478 4490 autem
517 4436 932 4508 prmdestiuatur
980 4433 1216 4488 nondum
1246 4442 1541 4527 erattunc,
1585 4448 1707 4489 cum
1748 4448 1887 4504 pra:-

297 4525 686 4592 destinaretur,
717 4526 812 4583 sed
834 4525 999 4595 coepit
1027 4539 1093 4579 ex
1135 4524 1395 4595 tempore.
1431 4524 1746 4581 Necessaria
1782 4525 1885 4596 igi-

299 4629 389 4676 tur
415 4622 761 4677 distinctione
782 4619 1072 4691 Apostolus
1092 4619 1281 4685 utitur,
1310 4633 1450 4683 eum,
1477 4619 1569 4689 qui
1592 4635 1658 4674 ex
1679 4618 1886 4674 semine

297 4709 469 4766 David
497 4712 789 4767 secundum
839 4725 1058 4766 carnem
1101 4719 1208 4774 est,
1258 4710 1465 4766 factum
1499 4710 1707 4775 dicens,
1759 4724 1885 4765 cum

297 4819 449 4870 vero,
471 4821 631 4876 quem
656 4804 852 4860 Filium
882 4803 974 4858 Dei
997 4802 1050 4856 in
1076 4802 1277 4857 virtute
1314 4802 1608 4859 secundum
1635 4801 1884 4871 spiritum

297 4897 745 4964 sanctiﬁcationis
794 4894 1070 4960 nominat,
1112 4895 1435 4952 destinatum
1470 4911 1482 4946 :
1527 4894 1732 4949 etenim
1759 4909 1884 4949 cum

297 4986 525 5048 dixisset
558 4990 753 5046 Filium
781 4988 898 5054 Dei,
922 5003 1028 5043 non
1059 4986 1327 5058 superﬂuo
1354 4986 1559 5042 addidit
1585 4987 1638 5041 in
1674 4987 1883 5053 virtute,

297 5075 546 5138 indicans
589 5096 687 5152 per
712 5080 814 5136 hoc
853 5078 995 5149 quod
1022 5078 1325 5133 substantia
1356 5077 1524 5134 Filius
1568 5078 1639 5133 sit
1685 5093 1880 5133 secuuo

298 5169 424 5224 dum
450 5173 701 5243 spiritum
718 5171 1186 5237 sanctiﬁcationis,
1213 5170 1461 5229 Christus
1484 5172 1627 5228 enim
1648 5171 1741 5228 Dei
1774 5172 1885 5227 vir-

301 5266 404 5325 tus,
434 5270 494 5317 et
532 5265 627 5323 Dei
657 5263 923 5335 sapientia
968 5262 1188 5329 dicitur,
1238 5276 1358 5331 quae
1386 5271 1441 5319 et
1466 5276 1633 5331 vapor
1667 5260 1885 5317 virtutis

298 5348 419 5415 Dei,
449 5361 507 5407 et
553 5356 791 5412 manatio
816 5353 1001 5428 gloria:
1043 5353 1429 5423 omnipotentis
1470 5352 1782 5423 purissima,
1828 5361 1886 5410 et

298 5441 554 5511 splendor
582 5446 720 5505 lucis
745 5456 961 5504 aeterna:
988 5456 1043 5503 et
1078 5447 1257 5520 imago
1301 5447 1560 5504 bonitatis
1588 5447 1681 5503 Dei
1703 5446 1883 5518 ampul-

295 5529 442 5587 latur
460 5533 649 5607 (Hebr.
680 5538 742 5610 ι).
790 5538 895 5594 Sed
919 5538 1212 5609 rmuiritur
1241 5539 1285 5594 si
1313 5539 1368 5594 id
1402 5539 1547 5609 quod
1572 5537 1639 5593 de
1677 5539 1884 5595 semine

295 5624 469 5687 David
499 5633 761 5699 nascitur,
796 5634 1091 5689 secundum
1110 5647 1330 5689 carnem
1358 5641 1465 5699 est,
1505 5631 1647 5702 quod
1675 5644 1807 5687 vero
1826 5630 1884 5685 in

297 5721 497 5780 virtute
520 5726 826 5783 destinatur
848 5728 1145 5784 secundum
1157 5729 1406 5799 spiritum
1434 5725 1885 5783 sanctiﬁcationis

297 5810 442 5869 titius
469 5815 590 5887 Dei,
619 5826 679 5876 et
706 5818 761 5875 in
789 5818 1094 5875 substantia
1137 5818 1236 5877 Dei
1282 5828 1388 5884 est.
1430 5821 1698 5889 quomodo
1742 5817 1886 5874 acci-

297 5902 551 5971 piendum
567 5917 656 5966 est
677 5910 743 5967 de
768 5909 948 5966 anima
970 5907 1099 5965 Jesu
1144 5925 1266 5982 qua:
1290 5910 1380 5967 hic
1402 5925 1739 5981 nequaquam
1759 5925 1883 5965 cum

1985 3417 2221 3473 cundum
2249 3416 2353 3472 hoc
2388 3417 2531 3487 quod
2554 3418 2764 3488 praebet
2795 3415 3047 3475 omnibus
3072 3414 3440 3485 summitatem,
3466 3412 3575 3471 sic»
3656 3456 3663 3465 .

1986 3517 2049 3564 ut
2080 3515 2136 3563 et
2171 3506 2299 3563 alibi
2326 3508 2394 3563 de
2415 3523 2482 3563 eo
2508 3508 2770 3577 scriptum
2790 3516 2877 3564 est
2902 3522 2927 3577 ε¹
2947 3507 3051 3575 Qui
3076 3507 3256 3587 [actus
3274 3518 3350 3567 est
3374 3506 3581 3576 sapien-
3624 3560 3627 3567 .

1984 3600 2060 3657 tia
2096 3603 2246 3658 nobis
2271 3620 2304 3658 α
2326 3603 2460 3670 Deo,
2486 3611 2536 3658 et
2552 3601 2791 3674 justitia,
2820 3609 2871 3656 et
2893 3600 3243 3669 sanctiﬁcatio
3261 3636 3283 3667 ,
3305 3608 3354 3655 et
3379 3600 3581 3661 redun-

1982 3691 2090 3762 ptio
2122 3690 2174 3763 (I
2205 3691 2328 3748 Cor.
2368 3691 2430 3765 ι).

2056 3781 2165 3838 Per
2188 3800 2340 3855 quem
2386 3783 2680 3855 accepimus
2728 3782 2980 3854 gratiam,
3026 3790 3075 3836 et
3111 3779 3465 3850 apostolatus»
3510 3781 3580 3859 a4

1985 3874 2332 3931 obediendum
2354 3876 2477 3945 ﬁdei
2497 3876 2554 3930 in
2575 3874 2813 3933 omnibus
2834 3874 3075 3945 gentibus
3090 3890 3190 3944 pro
3211 3875 3421 3933 nomine
3440 3875 3578 3945 ejus.

1987 3962 2225 4035 (Ambr.)
2251 3962 2379 4020 Post
2402 3963 2851 4020 resurrectionem
2875 3962 3252 4021 manifestatur
3286 3962 3454 4021 Filius
3482 3963 3577 4021 Dei

1984 4053 2040 4111 in
2072 4055 2292 4123 virtute,
2328 4055 2562 4128 gratiam
2588 4056 2755 4122 dedit,
2793 4054 3102 4124 justiiicans
3142 4065 3483 4125 peceatores,
3525 4066 3581 4115 et

1972 4148 2256 4217 apostolos
2279 4148 2610 4211 nominavit,
2640 4161 2871 4218 quorum
2903 4161 2963 4203 se
2992 4146 3081 4201 hic
3108 4147 3315 4207 socium
3339 4144 3489 4211 dicit,
3520 4156 3580 4202 ut

1985 4240 2318 4310 apostolatus
2358 4256 2479 4297 cum
2507 4239 2681 4313 gratia
2704 4248 2850 4296 esset
2875 4240 3000 4295 doni
3025 4240 3141 4301 Dei.
3167 4238 3368 4311 (θείῃ.)
3391 4240 3579 4301 Gratis

1985 4333 2053 4387 ad
2074 4332 2318 4388 laborant
2346 4332 2664 4402 patientiam
2690 4329 2972 4388 referenda
3000 4339 3105 4397 est,
3135 4332 3470 4401 apostolatus
3511 4331 3581 4386 ad

1984 4424 2384 4495 praedicationis
2434 4424 2847 4490 auctoritatem,
2894 4424 3021 4495 quia
3061 4430 3117 4479 et
3160 4423 3278 4493 ipse
3329 4422 3580 4481 Christus

1984 4516 2273 4587 Apostolus
2324 4517 2542 4581 dicitur,
2594 4517 2648 4572 id
2694 4527 2801 4582 est,
2836 4517 3034 4572 missus
3070 4530 3101 4570 s
3138 4514 3326 4579 Patre,
3376 4515 3576 4585 quippe

1989 4611 2081 4680 qui
2110 4610 2178 4666 ad
2208 4608 2684 4679 evangelizandum
2710 4608 3041 4680 pauperibus
3070 4608 3295 4663 missum
3338 4621 3398 4661 se
3423 4606 3575 4670 dicit,

1988 4704 2168 4761 omnia
2204 4716 2335 4770 ergo
2377 4716 2497 4770 quae
2526 4715 2621 4755 sua
2649 4705 2775 4755 sunt
2808 4698 2904 4755 dat
2930 4698 3096 4753 etiam
3122 4696 3400 4765 discipulis
3441 4696 3577 4759 suis,

1988 4793 2163 4865 gratia
2198 4790 2609 4847 dicitur‘diil‘usa
2634 4790 2688 4845 in
2736 4788 2894 4844 labiis
2932 4789 3051 4859 ejus
3079 4784 3253 4858 (Psal.
3287 4785 3455 4857 κων),
3482 4786 3579 4843 dat

1988 4892 2045 4941 et
2066 4884 2455 4953 apostolissuis
2480 4883 2711 4953 gratiam
2731 4895 2854 4935 cum
2886 4894 2991 4949 qua
3020 4877 3331 4935 laborantes
3357 4875 3573 4935 dictant:

1988 4976 2355 5031 Abundantius
2379 4993 2496 5032 vero
2526 4992 2686 5046 quam
2717 4990 2893 5031 omnes
2933 4972 3014 5027 illi
3043 4971 3298 5036 laboraui,
3339 4985 3443 5025 non
3483 4984 3579 5027 au-

1988 5077 2091 5123 tem
2119 5085 2211 5139 ego
2256 5069 2352 5139 sed,
2394 5070 2565 5139 gratia
2598 5068 2696 5122 Dei
2734 5066 2937 5121 meeum
2980 5064 3031 5135 (l
3060 5063 3184 5119 Cor.
3216 5062 3331 5134 xv),
3371 5071 3427 5121 et
3449 5062 3578 5132 quia

1987 5164 2052 5220 de
2074 5178 2141 5219 eo
2166 5164 2368 5219 dictum
2392 5175 2495 5227 est,
2518 5180 2537 5214 ι
2557 5161 2819 5217 habentes
2842 5160 3008 5231 igitur
3026 5157 3337 5229 pontiﬁcem
3360 5157 3577 5225 etApoa

1984 5256 2182 5311 stolam
2211 5255 2567 5311 confessionis
2590 5262 2788 5308 nostra:
2810 5251 3105 5315 Christum,
3136 5269 3156 5304 ι
3183 5252 3275 5305 dat
3296 5248 3575 5317 discipulis

1985 5349 2099 5405 suis
2146 5348 2480 5419 apostolatus
2523 5347 2914 5418 dignationem,
2961 5352 3110 5401 utet
3140 5343 3243 5413 ipsi
3270 5341 3574 5399 cilicium!

1985 5440 2210 5511 apostoli
2239 5441 2365 5506 Dei;
2422 5453 2597 5509 neque
2623 5439 2767 5495 enim
2812 5444 3025 5506 gentes,
3048 5438 3174 5505 qua
3197 5442 3358 5491 erant
3383 5432 3573 5490 alim

1983 5546 2016 5586 a
2052 5539 2376 5586 testamento
2412 5530 2508 5584 Dei
2552 5537 2612 5585 et
2664 5527 3073 5585 conversatione
3120 5526 3306 5592 laessi,
3348 5525 3575 5581 croda'o

1983 5631 2234 5694 poterant
2260 5622 2574 5694 Evangelia,
2622 5621 2728 5679 nisi
2762 5635 2859 5691 per
2882 5620 3111 5691 gratiam
3138 5633 3261 5689 qua
3302 5614 3574 5687 Δρω-

1983 5713 2164 5771 fuerat
2198 5715 2340 5780 dats,
2386 5728 2486 5785 per
2525 5727 2687 5783 quam
2741 5711 3161 5784 pmdicsotibos
3199 5707 3474 5778 Aposhlis
3512 5704 3571 5762 tu

1986 5811 2390 5877 ﬁdenshedire
2437 5811 2672 5877 dicitur,
2704 5808 2847 5865 etin
2886 5822 3104 5865 omnem
3148 5810 3353 5861 terram
3383 5802 3573 5858 deum

1984 5906 2132 5965 mine
2183 5903 2383 5962 Christi
2429 5920 2593 5961 sonus
2640 5902 2826 5974 gratiae
2875 5915 3073 5990 eorum.
3113 5899 3587 5953 commemoratur.
