4056 6336
548 466 683 525 1291

1217 457 1280 516 Β.
1322 455 1572 516 RABANl
1609 453 1828 515 MAURI
1864 449 2182 511 ARCHIEP.
2223 449 2529 508 MOCUNT.
2567 437 2854 505 OPERUM
2889 440 3070 501 PARS
3104 434 3191 499 ill.

3669 437 3846 497 5292

541 579 814 640 carnalem
834 577 956 634 illos
985 591 1205 632 sensum
1246 581 1524 630 assecutos
1552 571 1837 643 signiﬁcat,
1859 569 1987 639 quia
2019 557 2200 636 sub‘A
2224 543 2492 618 ﬁcentur‘i
2517 559 2623 616 Sed
2638 559 2741 614 hoc
2767 557 2836 613 ad
2855 553 2953 612 Dei
2978 555 3211 627 pertinet
3235 549 3665 625 praescientiam,
3689 553 3842 622 quia

541 673 759 742 nomine
807 668 1007 725 Christi
1065 683 1171 722 non
1219 663 1331 730 illa,
1380 679 1498 734 quin
1546 663 1793 718 Christus
1841 659 2115 724 docuerat,

543 759 760 818 fuerant
811 757 1065 821 assecuti,
1105 755 1197 810 sed
1241 769 1304 810 ea
1331 769 1451 824 quin
1475 753 1689 808 fuerant
1716 769 1747 808 a
1783 749 1982 826 Iudaeis
2009 757 2120 804 tra-

547 851 694 914 dita;
728 865 786 904 se
809 857 987 903 autem
1018 859 1216 917 cupere
1262 844 1421 901 citius
1450 845 1653 909 venire,
1683 851 1744 898 ut
1765 841 1834 897 ab
1855 839 1962 896 hac
2001 839 2122 897 illos

544 941 836 997 traditione
865 936 1226 1002 abstraheret,
1250 943 1306 992 et
1331 925 1572 1010 spiritale
1615 933 1722 990 illis
1767 932 2004 988 traderet
2029 929 2122 983 do-

543 1050 699 1099 num,
729 1039 792 1086 ut
837 1031 1082 1100 acquirat
1131 1029 1252 1084 illos
1279 1029 1410 1094 Deo,
1441 1021 1732 1100 participes
1757 1025 1878 1083 illos
1921 1025 2125 1080 faciens

547 1123 736 1194 gratia:
762 1119 1043 1192 spiritalis,
1073 1119 1216 1174 utin
1246 1118 1579 1188 professione
1607 1106 1661 1196 et
1689 1117 1794 1196 ﬁde
1821 1131 1918 1172 sua
1943 1121 2126 1171 essent

543 1191 940 1286 perfecti,iideo
964 1211 1240 1267 desiderat
1263 1218 1324 1264 ut
1351 1225 1589 1280 praisens
1611 1191 1926 1287 doctrinam
1962 1219 2125 1261 evan-

545 1303 768 1376 gelicam
819 1317 979 1358 sensu
1031 1316 1138 1372 quo
1180 1301 1386 1364 scribit,
1437 1299 1522 1354 his
1575 1301 1768 1362 tradat,
1806 1315 1875 1354 ne
1900 1297 2004 1353 sub
2029 1312 2127 1351 au-

544 1397 794 1454 ctoritate
815 1383 1126 1450 litterarum
1177 1391 1296 1463 ejus
1343 1407 1472 1448 non-
1501 1387 1805 1447 auferretur
1825 1405 2002 1456 error,
2032 1389 2128 1445 sed

545 1491 869 1554 ﬁrmaretur,
900 1487 1096 1559 quippe
1122 1501 1244 1542 cuin
1269 1499 1510 1554 priesens
1533 1499 1652 1554 quae
1695 1481 1878 1554 verbis
1903 1481 2129 1537 suadere

542 1595 647 1634 non
671 1588 907 1650 poterat,
935 1575 1188 1632 suaderet
1215 1576 1436 1639 virtute,
1473 1582 1530 1628 ut
1555 1573 1730 1644 magis
1752 1571 1856 1626 illis
1879 1569 2128 1658 proﬁciat

545 1670 759 1725 additis.
785 1664 983 1742 (Orig.)
1009 1665 1194 1722 Primo
1220 1659 1460 1744 omnium
1487 1663 1695 1719 discere
1717 1662 1976 1718 debemus
1994 1677 2129 1733 opus

547 1775 666 1817 esse
706 1757 1059 1830 apostolicum
1105 1755 1417 1812 desiderare
1441 1744 1664 1818 fratres,
1696 1754 1790 1808 sed
1823 1769 1928 1808 non
1971 1751 2131 1809 aliam

543 1851 613 1907 ob
628 1849 970 1915 causam,nisi
988 1856 1048 1902 ut
1057 1847 1397 1903 conferamus
1409 1846 1487 1901 eis
1501 1839 1700 1915 aliquid
1715 1846 1840 1900 doni
1855 1845 2130 1918 spiritalis,

2219 671 2354 726 quos
2376 653 2478 710 scit
2503 653 2648 708 Deus
2677 650 2892 706 futuros
2914 658 3154 716 sanctos,
3173 647 3286 720 jam
3309 646 3450 726 apud
3493 644 3654 701 illum
3687 661 3838 703 san-

2219 671 2354 726 quos
2376 661 2478 710 scit
2503 661 2648 708 Deus
2677 661 2892 706 futuros
2914 661 3154 716 sanctos,
3173 661 3286 720 iam
3309 661 3450 795 agna
3493 661 3654 701 tuum
3687 661 3837 703 san-

2219 747 2292 802 cti
2319 754 2464 810 sunt,
2493 753 2548 799 et
2575 744 2753 800 vocati
2783 749 3123 820 permanent.
3165 735 3334 796 Probi
3370 741 3503 821 itum
3530 755 3594 796 se
3627 748 3837 796 tamen

2219 835 2352 892 dicit
2375 850 2545 905 usque
2573 834 2640 889 ad
2677 842 2888 904 tempus
2915 834 3055 890 datis
3103 829 3356 904 Epistolis
3395 847 3424 887 a
3457 830 3569 888 Deo
3601 831 3836 904 utique,

2221 926 2312 998 qui
2337 927 2515 1007 sciens
2544 925 2721 982 adhuc
2749 925 3043 1007 imparatos
3085 914 3225 1002 illbs,
3265 923 3333 981 ad
3361 919 3495 980 alias
3532 923 3713 980 nrbes
3741 925 3835 980 di-

2221 1019 2361 1075 rexit
2390 1001 2728 1092 Apostolum,
2900 1015 3012 1086 iam
3037 1001 3104 1072 ad
3135 1015 3499 1090 recipiendam
3524 1016 3833 1072 veritatem

2221 1115 2404 1163 essent
2433 1121 2676 1188 capaces,
2707 1106 2953 1176 quamvis
2991 1101 3089 1161 sub
3117 1107 3337 1161 nomine
3365 1115 3591 1179 agerent
3631 1106 3831 1161 Salva-

2225 1199 2380 1264 toris,
2413 1197 2507 1252 sed
2550 1191 2698 1253 vitiis
2745 1194 3168 1272 prohibebantur
3212 1193 3544 1272 carnalibus,
3573 1213 3650 1252 ne
3677 1197 3830 1268 digni

2218 1291 2330 1363 jam
2366 1297 2547 1346 essent
2570 1287 2847 1363 addiscere
2869 1282 3153 1359 spiritalia.
3177 1274 3420 1358 Denique
3443 1288 3706 1344 volentes
3731 1289 3831 1342 ali—

2225 1361 2440 1452 quando
2483 1381 2537 1436 in
2572 1361 2877 1450 Bithyniam
2921 1377 3020 1444 ire,
3069 1375 3326 1450 prohibiti
3370 1385 3497 1432 sunt
3547 1393 3577 1431 a
3629 1387 3830 1432 sancto

2228 1473 2432 1544 Spiritu
2480 1470 2678 1528 Paulus
2721 1479 2776 1525 et
2808 1469 2949 1550 Silas
3001 1468 3141 1541 (Act.
3189 1469 3322 1542 xvr).
3355 1467 3501 1524 Cur?
3538 1469 3648 1525 nisi
3697 1471 3832 1542 quia

2228 1567 2396 1625 sciret
2430 1565 2606 1645 adhuc
2634 1563 2884 1623 affectum
2913 1565 3140 1622 deesse:
3179 1567 3321 1644 apud
3355 1565 3676 1622 Corinthios
3727 1583 3830 1621 au-

2227 1670 2338 1716 tem
2391 1667 2762 1716 commonetur
2808 1656 3115 1734 Apostolus,
3148 1655 3360 1736 dicente
3395 1655 3669 1736 Domino;
3719 1653 3829 1711 ιο-

2227 1767 2406 1822 quere,
2453 1766 2516 1803 ne
2543 1749 2792 1814 tacueris,
2833 1726 2958 1818 quia
3005 1744 3229 1818 populus
3269 1726 3400 1800 mihi
3415 1730 3628 1801 inultus
3649 1729 3744 1801 est
3773 1747 3834 1800 in

2190 1849 2195 1855 ‘
2231 1841 2328 1896 hac
2376 1841 2582 1896 ciuitate
2609 1839 2746 1912 (Act.
2772 1837 2949 1920 xviii).
2981 1836 3101 1893 Non
3125 1853 3252 1910 ergo
3284 1839 3456 1894 otiose
3480 1837 3835 1910 prohibitum

543 1943 588 1998 si
607 1938 1061 2012 possumus,velsi
1083 1951 1189 1995 non
1205 1952 1512 2011 possumus,
1529 1937 1627 2008 ipsi
1649 1946 1708 1991 ut
1727 1937 2132 2008 aceipiamusab
2159 1927 2208 1990 Β
2235 1950 2295 1992 se
2323 1935 2474 2001 dicit,
2503 1935 2598 1991 sed
2635 1942 2690 1991 et
2727 1950 2920 1990 causas
2947 1947 3218 1989 morarum
3249 1933 3525 2001 discrevit,
3552 1943 3609 1991 et
3631 1935 3748 1992 bos
3773 1946 3836 1992 ut

545 2030 630 2084 his
651 2045 666 2095 ;
690 2029 806 2084 sine
833 2024 936 2085 hoc
953 2027 1096 2084 enim
1123 2043 1231 2083 non
1261 2035 1345 2082 est
1376 2026 1649 2097 probabile
1675 2027 1998 2083 desiderium
2026 2029 2133 2084 cir-

544 2119 830 2175 cumeundi
857 2116 1072 2175 fratres.
1097 2099 1250 2186 Quod
1267 2125 1445 2173 autem
1483 2115 1580 2182 ait,
1603 2125 1661 2170 ut
1683 2117 1897 2188 aliquod
1923 2118 2130 2174 tradam

542 2209 683 2265 uobis
695 2210 890 2266 denum
901 2208 1370 2280 spiritale,videtur
1384 2207 1620 2263 indicare
1629 2222 1752 2263 esse
1763 2207 2132 2281 aliquid,quod

547 2305 746 2360 donum
773 2303 990 2373 quidem
1011 2304 1100 2368 sit,
1133 2317 1238 2356 non
1265 2310 1441 2356 tamen
1467 2299 1730 2370 spiritale.
1771 2299 1906 2356 Nam
1927 2301 2130 2356 donum

541 2393 667 2449 ﬁdei
696 2393 815 2448 sine
852 2393 1016 2449 dubio
1041 2391 1281 2463 spiritale
1307 2399 1411 2457 est,
1442 2399 1498 2445 et
1521 2391 1720 2447 donum
1751 2391 2048 2470 sapientiae,
2075 2400 2132 2449 et

541 2479 798 2550 scientiae,
828 2492 886 2540 et
902 2483 1226 2554 virginitatis
1251 2482 1538 2548 similiter;
1572 2483 1662 2537 ubi
1684 2492 1864 2538 autem
1903 2470 2130 2540 dicitde

545 2576 749 2646 nuptiis
779 2584 834 2632 et
861 2575 1168 2646 virginitate
1211 2574 1458 2644 loquens,
1487 2573 1594 2630 Sed
1619 2574 1974 2646 unusquisque
2009 2592 2129 2645 pro-

541 2667 715 2738 prium
747 2667 897 2722 habet
925 2665 1119 2721 donum
1145 2683 1177 2720 a
1205 2666 1334 2730 Deo,
1385 2665 1524 2721 alius
1567 2667 1661 2731 sic,
1688 2665 1826 2720 alius
1855 2677 2028 2720 autem
2051 2667 2128 2721 sic

541 2758 594 2831 (I
615 2757 738 2814 Cor.
764 2756 884 2832 vn).
911 2759 1119 2814 Donum
1146 2758 1362 2827 quidem
1394 2757 1524 2812 dicit
1549 2771 1668 2811 esse
1697 2758 1861 2812 etiam
1885 2759 2124 2828 nuptias,

541 2849 816 2920 quoniam,
851 2849 990 2903 sicut
1017 2848 1276 2918 scriptum
1305 2862 1336 2902 a
1363 2847 1496 2912 Deo,
1527 2854 1742 2916 aptatur
1770 2846 1963 2901 mulier
1983 2847 2125 2913 viro,

541 2942 634 2998 sed
665 2957 772 2997 non
796 2939 938 2995 istud
963 2939 1162 2994 donum
1192 2939 1457 3007 spiritale.
1482 2939 1716 3002 Possunt
1744 2948 1795 3002 ct
1824 2938 1930 3001 alia
1958 2939 2123 2996 multa

499 3061 509 3068 ε
538 3033 682 3093 dena
710 3032 806 3093 Dei
852 3031 978 3101 dici,
1027 3047 1091 3092 ut
1127 3039 1336 3092 divitiae
1363 3047 1426 3092 et
1469 3037 1728 3093 fortitudo
1776 3041 2036 3110 corporis,
2068 3045 2130 3094 ut

501 3137 512 3148 ‘
540 3127 728 3184 forma:
755 3129 938 3194 decor,
964 3135 1024 3182 ut
1043 3143 1267 3198 regnum
1300 3135 1586 3194 terrestre;
1611 3145 1641 3184 a
1661 3130 1771 3185 Deo
1794 3129 2124 3206 enimctiam

2233 2039 2294 2081 se
2325 2032 2695 2096 priepararent
2723 2023 3039 2080 adhortatus
3060 2032 3163 2090 est,
3193 2033 3256 2100 ut
3279 2023 3562 2081 audientes
3583 2026 3829 2104 gratiam

2232 2113 2333 2170 sibi
2377 2111 2674 2184 spiritalem
2717 2112 3128 2170 ministrandam
3175 2109 3313 2179 fore,
3363 2113 3553 2185 dignos
3597 2129 3662 2171 se
3709 2117 3831 2171 e5-

2231 2213 2438 2271 cerent,
2475 2189 2523 2259 a'
2545 2203 2691 2261 vitiis
2719 2189 3037 2261 carnalibus
3064 2203 3396 2260 abstinentes
3429 2205 3494 2261 ad
3530 2207 3824 2278 excipien-

2229 2297 2353 2352 dam
2385 2311 2525 2352 eain.
2581 2281 2654 2350 Ut
2695 2293 2920 2362 aliquem
2965 2296 3192 2368 fructum
3230 2295 3449 2350 habeam
3486 2307 3536 2351 et
3577 2278 3635 2352 in
3675 2299 3826 2354 nobis

2228 2388 2361 2443 sicut
2395 2388 2529 2444 etin
2557 2371 3048 2458 cwteris'qentibus.
3104 2385 3210 2443 Pro
3257 2387 3490 2444 utilitate
3534 2393 3825 2446 communi

2227 2478 2480 2550 cupidum
2515 2493 2576 2534 se
2618 2476 2866 2534 veniendi
2891 2479 2958 2534 ad
2983 2477 3083 2533 hos
3108 2477 3417 2544 declaravit,
3445 2487 3508 2533 ut
3531 2478 3598 2534 lii
3627 2480 3826 2536 salutis

2227 2571 2525 2643 spiritalem
2562 2571 2791 2640 gratiam
2834 2577 3313 2653 consequerentur,
3352 2578 3523 2653 ratam
3551 2570 3824 2653 habentes

2228 2662 2353 2719 ﬁdei
2387 2677 2498 2718 suae
2525 2645 3028 2733 professionem,'ut
3055 2663 3146 2719 hic
3181 2645 3414 2719 fructum
3447 2645 3646 2720 habent
3671 2665 3821 2734 apud

2227 2753 2397 2809 Deum
2439 2754 2724 2809 ministerii
2755 2754 2858 2820 sui,
2883 2769 2982 2824 per
3005 2753 3148 2825 quod
3167 2737 3386 2810 lacessit
3411 2753 3532 2810 illos
3557 2757 3626 2808 ad
3649 2754 3817 2810 ﬁdem

2227 2852 2430 2900 rectam
2454 2884 2469 2911 ,
2519 2829 2764 2913 exemplo
2811 2851 3124 2898 caeterarum
3171 2829 3410 2915 gentium
3447 2861 3463 2897 :
3509 2843 3815 2916 promptior

2226 2935 2372 2998 enim
2399 2935 2462 2996 tit
2488 2935 2610 3012 quis
2641 2933 2705 2995 ad
2735 2949 2852 2994 rem
2880 2935 2980 2998 sibi
3011 2935 3264 2995 traditam
3283 2976 3299 3006 ,
3325 2935 3374 2995 si
3397 2934 3472 2992 illi
3502 2935 3698 2994 multus
3725 2937 3808 2995 vi.

2225 3034 2352 3089 deat
2403 3033 2689 3088 assentire.
2743 3029 2939 3086 ercis
2994 3043 3041 3086 et
3093 3030 3352 3098 barbaris,
3396 3034 3713 3104 sapientibus
3757 3043 3806 3088 et

2223 3126 2586 3198 insipientibus
2606 3126 2806 3182 debitor
2829 3141 2963 3182 sum.
3011 3125 3204 3201 (Origd
3232 3123 3637 3198 Requirendum
3663 3143 3806 3202 nunc

493 3239 500 3246 ·
538 3221 655 3275 hinc
679 3219 968 3284 donantur,
1011 3219 1150 3274 sicut
1179 3225 1234 3274 et
1284 3219 1468 3274 Daniel
1517 3219 1648 3274 dicit
1697 3219 1858 3292 (Dan.
1883 3219 1970 3291 ιι),
1998 3221 2135 3290 quia
2153 3279 2196 3293 Δ
2227 3228 2312 3276 est
2336 3219 2604 3293 quomodo
2630 3217 2918 3290 Apostolus
2947 3217 3150 3275 Graicis
3178 3227 3233 3276 et
3273 3220 3556 3286 barbaris,
3595 3222 3807 3292 sapien-

539 3313 656 3383 ipse
697 3311 830 3367 facit
853 3325 1026 3381 -reges
1079 3320 1134 3366 et
1185 3318 1526 3367 commutat:
1557 3311 1652 3366 sed
1681 3327 1788 3366 non
1838 3320 1964 3390 sunt
2009 3313 2128 3370 haec

491 3409 502 3420 '
541 3407 683 3461 dona
738 3403 1017 3475 spiritalia.
1059 3402 1214 3459 Beati
1271 3413 1393 3459 sunt
1421 3418 1550 3474 ergo
1597 3403 1698 3469 illi,
1731 3403 1924 3474 quibus
1960 3403 2126 3476 spiri-

494 3503 497 3508 '
544 3496 708 3554 talem
738 3496 972 3570 gratiam
1003 3497 1218 3551 tradere
1267 3494 1384 3576 vult
1407 3495 1716 3567 Apostolus,
1746 3491 1812 3551 δά
1837 3496 2125 3552 conﬁrma-

543 3588 746 3644 tionem
780 3586 920 3653 ﬁdei,
969 3594 1030 3642 nt
1057 3587 1198 3642 ultra
1244 3587 1357 3658 jam
1410 3601 1518 3641 non
1560 3587 1669 3641 sint
1705 3585 1916 3656 parvuli
1950 3601 2126 3656 neque

539 3679 991 3736 circumferantur
1017 3680 1165 3734 omni
1209 3686 1369 3734 vento
1414 3677 1694 3733 doctrinae.
1737 3675 1801 3732 Id
1841 3687 1936 3743 est,
1967 3676 2124 3732 simul

539 3769 800 3824 consolari
825 3771 880 3825 in
901 3770 1042 3824 vobis
1065 3785 1156 3839 per
1175 3785 1290 3822 eam
1317 3785 1434 3839 qum
1476 3769 1692 3822 invicem
1733 3778 1826 3830 est,
1855 3767 2011 3836 fidem
2041 3785 2125 3823 ve-

537 3869 702 3915 stram
748 3869 900 3932 atque
952 3876 1143 3914 meam.
1172 3859 1375 3932 (Αιιιιι.)
1407 3860 1686 3916 Consolari
1737 3874 1796 3915 se
1845 3859 1977 3916 dicit
1996 3875 2123 3916 cum

539 3953 664 4019 illis,
689 3953 732 4010 si
783 3953 1186 4024 apprehendant
1237 3953 1520 4023 spiritalia,
1554 3953 1680 4022 quia
1713 3953 1962 4024 quamvis
1993 3969 2122 4008 con-

536 4045 770 4114 gaudeat
816 4042 940 4098 ﬁdei
994 4043 1224 4108 illorum,
1279 4043 1424 4098 dolet
1469 4055 1673 4110 tamen,
1727 4043 1855 4114 quia
1889 4059 1995 4099 non
2031 4059 2120 4100 re-

537 4139 681 4188 ctam
708 4132 1046 4202 accipiebant
1083 4132 1283 4188 ﬁdem:
1315 4133 1419 4188 hoc
1461 4133 1652 4188 affectu
1673 4133 1772 4188 fuit
1811 4133 2118 4204 Apostolus,

539 4231 600 4277 ut
625 4221 798 4278 aliena
828 4223 955 4277 vitia
982 4223 1138 4292 quasi
1163 4237 1258 4276 sua
1289 4223 1515 4288 doleret,
1555 4239 1620 4278 ac
1671 4238 1769 4293 per
1803 4225 1903 4279 hoc
1927 4240 2122 4279 conso-

537 4313 733 4378 lemur,
783 4313 975 4382 inquit,
1028 4328 1126 4382 per
1165 4329 1327 4368 unam
1373 4323 1534 4382 atque
1561 4316 1807 4370 eamdem
1850 4318 2030 4382 ﬁdem,
2061 4327 2122 4374 ut

537 4411 731 4457 cuncta
765 4399 942 4474 [tunc]
975 4403 1272 4458 consolatio
1301 4419 1406 4457 una
1435 4405 1534 4470 sit,
1575 4404 1620 4460 si
1655 4406 1813 4460 unius
1851 4406 1974 4461 ﬁdei
2009 4407 2120 4462 eiii-

537 4498 788 4546 cerentur
806 4491 862 4546 in
885 4489 1119 4555 Christo,
1137 4500 1196 4546 ut
1216 4491 1610 4550 administratio
1629 4495 1813 4565 gratim
1840 4497 2118 4566 spiritalis,

533 4581 936 4655 evangelizante
972 4581 1255 4654 Apostolo,
1319 4585 1462 4640 hunc
1517 4592 1802 4656 praestaret
1838 4585 2116 4642 effectum.

611 4673 737 4730 Non
757 4675 896 4730 enim
917 4674 1148 4730 arbitror
1182 4675 1425 4746 ignorare
1447 4693 1552 4740 vos,
1599 4676 1810 4746 fratres,
1835 4678 1959 4749 quia
1980 4697 2116 4751 sirpe

532 4767 780 4837 proposui
805 4768 974 4822 uenire
993 4767 1062 4820 tul
1085 4783 1192 4832 vos,
1219 4777 1268 4821 et
1287 4768 1574 4838 prohibitus
1593 4785 1710 4823 sum
1737 4786 1898 4840 usque
1919 4771 2112 4828 adhuc.

531 4856 872 4926 Propositum
917 4867 976 4913 et
1016 4867 1200 4912 votum
1239 4872 1394 4913 suum
1436 4860 1688 4923 ostendit,
1726 4861 1866 4929 quod
1893 4862 2113 4930 quidem

533 4946 673 5001 scire
695 4945 814 5001 illos
846 4961 953 5001 non
997 4947 1222 5017 ambigit
1267 4963 1366 5018 per
1409 4964 1502 5004 eos
1537 4948 1731 5004 fratres
1757 4952 1847 5020 qui
1893 4952 1960 5005 ah
1984 4951 2112 5006 llic-

534 5036 765 5091 rusalem
791 5036 877 5092 vel
897 5037 1197 5094 conﬁnibus
1223 5039 1534 5106 civitatibus
1573 5056 1736 5095 causa
1766 5043 1964 5111 aliqua,
1993 5045 2107 5100 sive

532 5123 806 5195 religionis
839 5127 904 5180 ad
935 5125 1130 5182 Urbem
1155 5127 1467 5194 veniebant,
1511 5129 1651 5182 sicut
1673 5128 1863 5197 Aquila
1903 5135 1958 5186 et
1983 5131 2104 5188 Pri-

531 5211 702 5278 scilla,
735 5222 916 5269 votnm
943 5214 1060 5285 ejus
1085 5215 1420 5271 insinuantes
1464 5217 1756 5283 Romanis;
1805 5233 1927 5273 cum
1961 5221 2106 5276 enim

533 5317 676 5372 sape
699 5303 855 5360 vellet
888 5306 1073 5361 venire
1107 5314 1164 5361 et
1203 5307 1599 5378 prohiberetur,
1647 5309 1726 5364 sic
1776 5309 1976 5366 factum
1999 5320 2106 5379 est,

535 5399 593 5445 ut
621 5393 878 5449 scriberet
902 5394 1219 5462 Epistulam,
1245 5413 1314 5453 ne
1353 5397 1443 5452 diu
1469 5398 1522 5452 in
1553 5399 1692 5454 mala
1718 5401 2107 5459 exercitatione

531 5482 757 5550 detenti,
783 5501 890 5540 non
919 5481 1074 5540 facile
1093 5486 1530 5557 corrigerentur;
1581 5488 1777 5546 fratres
1802 5507 1896 5548 eos
1926 5505 2106 5559 vocat,

529 5587 638 5627 non
667 5573 846 5629 solum
874 5572 1000 5640 quia
1034 5575 1208 5630 renati
1251 5586 1426 5641 erant,
1479 5583 1572 5636 sed
1597 5581 1724 5651 quia
1761 5592 1920 5639 erant
1965 5585 2106 5644 inter

527 5674 643 5727 eos,
671 5660 798 5716 licet
823 5659 1002 5729 pauci,
1032 5662 1121 5729 qui
1149 5673 1304 5720 recte
1353 5668 1632 5724 sentirent.
1668 5669 1822 5729 Unde
1847 5673 1996 5738 dicit,
2022 5691 2106 5730 υθ-

530 5751 660 5804 catis
705 5752 898 5806 sanctis
937 5765 956 5802 :
1009 5751 1137 5821 quid
1183 5760 1359 5812 tamen
1405 5767 1486 5814 est
1536 5762 1726 5816 uocatis
1765 5765 1959 5822 sanctis
1982 5767 2008 5820 ?
2045 5764 2103 5821 Si

491 5899 507 5922 θ
531 5839 673 5893 enim
693 5839 806 5910 jam
832 5842 1005 5898 sancti
1030 5852 1175 5908 sunt,
1211 5850 1478 5912 quomodo
1509 5861 1764 5908 vocantur
1817 5862 1878 5909 ut
1903 5856 2104 5910 sancti-

2229 3309 2372 3366 tibus
2391 3317 2447 3366 et
2467 3309 2846 3382 insipientibus
2872 3311 3086 3366 debitor
3109 3301 3230 3383 est;
3260 3311 3389 3383 quid
3414 3312 3560 3368 enim
3585 3313 3656 3370 ab
3677 3313 3802 3384 ipsis

2225 3390 2528 3472 acceperat,
2564 3401 2707 3457 unde
2743 3387 2836 3458 eis.
2861 3401 3071 3458 debitor
3101 3399 3301 3457 ﬁeret?
3350 3401 3605 3458 Arbitror
3632 3389 3799 3460 diver-

2223 3494 2300 3550 sis
2327 3495 2544 3564 quidem
2574 3494 2823 3566 gentibus
2852 3493 2976 3549 inde
3002 3487 3124 3550 eum
3157 3489 3406 3566 enectum
3445 3509 3567 3552 esse
3595 3496 3796 3552 debito-

2224 3599 2363 3647 rem,
2393 3586 2536 3654 quod
2562 3585 2803 3660 omnium
2850 3586 3089 3658 gentium
3137 3585 3334 3659 linguis
3377 3586 3557 3658 eloqui
3598 3587 3797 3660 accepit

2187 3679 2193 3687 '
2225 3691 2320 3747 per
2345 3677 2572 3748 gratiam
2597 3675 2830 3748 Spiritus
2852 3679 3044 3754 sancti,
3072 3679 3211 3735 sicut
3243 3687 3300 3734 et
3333 3679 3450 3750 ipse
3488 3679 3644 3746 dicit,
3675 3679 3798 3734 0n-

2223 3769 2366 3821 nium
2401 3778 2623 3822 vestrum
2651 3767 2822 3840 magis
2855 3768 3044 3840 linquis
3073 3768 3256 3841 loquor
3289 3768 3342 3841 (Ι
3368 3767 3492 3824 Cor.
3527 3769 3659 3844 xiv).
3682 3771 3800 3842 quia

2223 3872 2352 3930 ergo
2383 3857 2685 3930 linguarum
2717 3859 2962 3914 notitiam
2988 3874 3096 3914 non
3119 3875 3218 3929 pro
3239 3875 3296 3916 se
3325 3859 3574 3930 quis,sed
3595 3877 3698 3933 pro
3723 3861 3803 3917 his

2223 3945 2418 4012 quibus
2463 3943 2864 4014 pradicandum
2912 3951 2997 3998 est
3041 3943 3253 4014 accipit,
3299 3943 3509 3999 debitor
3555 3946 3799 4002 oninihus

2222 4034 2328 4090 illis
2353 4033 2598 4100 efﬁcitur,
2628 4049 2854 4104 quorum
2878 4035 3086 4104 accepit
3117 4050 3148 4089 a
3171 4035 3280 4090 Deo
3304 4033 3501 4104 linguae
3521 4035 3796 4102 notitiam;

2222 4127 2553 4197 sapientibus
2600 4136 2776 4182 autem
2817 4123 3044 4183 edicitur
3091 4127 3301 4186 debitor
3339 4141 3438 4199 per
3479 4129 3621 4194 hoc,
3661 4130 3798 4199 quod

2221 4219 2430 4288 accepit
2458 4219 2776 4290 sapientiam
2807 4220 2860 4274 in
2909 4220 3170 4290 mysterio
3205 4220 3598 4285 absconditam,
3637 4237 3798 4291 quam

2221 4309 2474 4378 perfectis
2497 4313 2552 4363 et
2583 4309 2916 4378 sapientibus
2939 4309 3285 4379 loqueretur;
3307 4311 3559 4367 similiter
3579 4307 3641 4368 'et
3661 4311 3797 4367 insi—

2220 4401 2492 4470 pientibus
2515 4401 2730 4457 debitor
2755 4409 2839 4458 est
2861 4402 2914 4456 in
2936 4417 3045 4473 quo
3067 4389 3338 4473 patientiae
3356 4405 3587 4476 gratiam
3606 4413 3662 4460 et
3685 4403 3798 4459 lon-

2220 4494 2549 4564 ganimitatis
2601 4495 2838 4564 accepit;
2887 4509 3114 4550 summa:
3159 4496 3357 4552 etenim
3399 4496 3674 4567 patientia:
3715 4505 3796 4552 est

2221 4587 2363 4644 ferre
2410 4585 2777 4656 insipientium
2831 4594 3030 4643 motus.
3087 4586 3334 4662 (Anum)
3381 4587 3601 4646 Crtecos
3649 4591 3794 4644 enim

2217 4678 2443 4750 gentiles
2464 4679 2662 4749 posuit,
2699 4679 2792 4733 sed
2819 4691 2914 4733 cos
2951 4678 3044 4748 qui
3092 4677 3321 4736 Romani
3367 4678 3632 4745 dicuntur,
3681 4681 3791 4736 sive

2216 4770 2456 4834 natione,
2483 4769 2594 4824 sive
2622 4768 2945 4838 adoptione;
2976 4769 3236 4825 barbaros
3263 4783 3394 4827 vero
3415 4783 3512 4826 eos
3569 4771 3657 4842 qui
3689 4771 3789 4826 Ro-

2214 4861 2358 4916 mani
2391 4875 2496 4915 non
2525 4868 2672 4927 sunt,
2701 4875 2930 4930 quorum
2959 4875 3128 4932 genus
3160 4862 3444 4918 adversum
3475 4873 3563 4919 est
3596 4873 3649 4918 et
3683 4879 3787 4918 nou

2211 4962 2338 5010 sunt
2365 4955 2612 5025 gentiles.
2658 4954 2940 5026 Sapientes
2967 4966 3145 5012 autem
3173 4957 3293 5014 illos
3324 4958 3478 5025 dixit,
3509 4961 3603 5031 qui
3632 4977 3779 5015 maii-

2208 5046 2364 5101 danis
2385 5045 2684 5101 rationibus
2701 5047 2919 5112 eruditi,
2937 5048 3478 5117 sapientesvocentur
3497 5052 3550 5106 in
3573 5051 3783 5117 seculo,

2209 5135 2335 5190 dum
2375 5143 2472 5188 aut
2507 5135 2747 5192 siderum
2785 5137 3152 5206 speculatores
3183 5151 3308 5198 sunt
3329 5181 3344 5205 ,
3371 5149 3466 5196 aut
3501 5144 3783 5208 mensuris,

2209 5231 2302 5278 aut
2327 5224 2591 5291 numeris,
2615 5232 2710 5282 aut
2737 5226 2840 5280 alti
2869 5227 3236 5297 grammatice
3254 5231 3498 5296 student,
3519 5237 3618 5288 aut
3663 5232 3783 5286 rhe-

2207 5313 2412 5380 torice,
2443 5321 2537 5369 aut
2565 5315 2815 5383 musicis;
2843 5316 2932 5372 his
2965 5315 3215 5374 omnibus
3235 5320 3476 5376 ostendit
3504 5319 3642 5376 nihil
3675 5322 3784 5376 tua:

2205 5406 2483 5475 prodesse,
2525 5423 2627 5463 nec
2663 5423 2790 5464 vere
2829 5409 3100 5480 sapientes
3145 5425 3282 5474 esse,
3331 5410 3436 5467 nisi
3479 5412 3708 5468 credant
3731 5412 3783 5468 in

2211 5495 2482 5554 Christum
2512 5517 2526 5553 :
2562 5499 2756 5555 stultos
2780 5515 2908 5558 vero
2943 5503 3047 5558 hos
3079 5497 3214 5557 diuit
3251 5503 3346 5572 qui
3387 5503 3781 5576 simplicitatem

2209 5599 2520 5657 sequentes,
2551 5589 2746 5644 harum
2776 5606 2957 5648 rerum
2985 5589 3219 5662 imperiti
3247 5589 3404 5649 sunt:
3429 5594 3515 5648 his
3537 5595 3784 5671 eum

2205 5679 2433 5735 niissum
2467 5695 2530 5736 se
2565 5682 2862 5751 praedicare
2887 5681 3140 5739 testatur.
3161 5679 3242 5740 De
3265 5681 3464 5742 ludatis
3489 5695 3672 5742 autem
3703 5697 3785 5744 ta-

2207 5769 2341 5835 cuit,
2353 5771 2480 5841 quia
2502 5772 2757 5842 magister
2774 5775 3012 5844 gentium
3027 5783 3131 5842 est,
3157 5789 3222 5831 ac
3241 5759 3341 5846 per
3364 5776 3466 5831 hoc
3485 5777 3785 5834 debitorem

2207 5875 2266 5914 se
2292 5859 2591 5929 proﬁtetur,
2615 5861 2742 5931 quia
2770 5861 2967 5920 adhoc
2989 5864 3228 5935 percepit
3254 5865 3566 5922 doctrinam‘
3579 5879 3643 5924 ut
3671 5876 3788 5926 tra—
