4056 6336
401 355 574 426 ’1299

432 496 558 538 men
598 479 695 536 Dei
735 476 828 548 qui
857 489 1020 532 verus
1055 481 1170 539 est,
1219 471 1484 526 dederunt
1510 464 1594 523 his
1627 463 1717 536 qui
1748 481 1852 519 non
1888 469 2013 518 sunt
2040 431 2090 525 ᾖ

432 571 538 633 dii:
567 567 835 640 lapidibus
862 565 1008 622 enim
1037 571 1093 620 et
1119 560 1280 633 lignis
1307 559 1388 615 vel
1415 558 1628 614 caeteris
1643 553 1886 626 (metallis
1921 568 2014 606 au-

432 661 672 720 ferentes
697 660 844 731 quod
873 667 1018 724 sunt,
1052 656 1185 712 dant
1229 651 1336 709 illis
1366 651 1508 723 quod
1532 643 1638 705 non
1663 657 1809 714 sunt,
1831 646 2014 703 ethoc

433 763 518 810 est
543 754 832 808 immutare
863 759 1051 803 verum
1081 746 1135 800 in
1160 743 1374 808 falsum,
1403 758 1508 796 non
1526 732 1668 808 enim
1689 731 1800 812 jam
1820 749 2018 794 vocan-

436 853 526 902 tur
547 844 686 916 lapis
718 848 809 897 aut
833 841 1058 909 lignum,
1085 835 1178 891 sed
1200 833 1342 916 Deus
1366 853 1379 888 :
1409 831 1512 888 hoc
1537 830 1622 886 est
1643 823 1849 886 servire
1866 841 2019 882 crea-

435 900 572 990 turae
594 900 771 1005 potius
799 900 960 1000 quam
992 900 1258 982 creatori.
1284 923 1401 980 Non
1429 915 1626 993 ne'gant
1655 921 1798 975 enim
1825 917 2016 982 Deum,

439 1025 534 1082 sed
549 1024 790 1079 serviunt
812 1027 1094 1085 creaturae,
1109 1031 1214 1088 quo
1233 1033 1339 1072 non
1362 1022 1713 1078 excusantur,
1736 1013 1828 1068 sed
1851 1009 2020 1082 magis

439 1117 775 1180 incusantur,
807 1113 932 1184 quia
953 1117 1339 1185 cognosoentes
1376 1101 1483 1164 non
1515 1094 1785 1162 honorant
1814 1098 2019 1171 Deum,

438 1197 622 1281 quiest
649 1207 947 1262 benedictus
982 1206 1037 1258 in
1079 1201 1295 1259 swcula.
1334 1199 1515 1256 Amen.
1558 1198 1670 1255 Hoc
1693 1207 1776 1254 est
1801 1213 2017 1260 verum,

441 1303 583 1357 Deus
613 1317 739 1357 vero
772 1283 1088 1355 benedictus
1113 1297 1189 1351 ait
1219 1295 1274 1351 in
1305 1293 1498 1351 saecula
1517 1335 1532 1358 ,
1576 1293 1700 1362 quia
1743 1290 2024 1362 permanet

439 1393 618 1458 Deus;
657 1391 760 1446 diis
786 1397 963 1445 autem
988 1383 1228 1460 gentium
1260 1385 1324 1440 ad
1365 1391 1575 1454 tempus
1599 1381 1893 1454 impietatis
1935 1379 2026 1434 dat

439 1487 722 1550 honorem,
756 1482 876 1539 ideo
903 1477 1009 1536 no'n
1036 1470 1119 1536 est
1150 1485 1363 1546 verum,
1396 1477 1448 1531 in
1489 1473 1599 1530 Deo
1631 1478 1810 1528 autem
1845 1475 2028 1526 manet

438 1576 668 1640 veritas;
695 1575 836 1629 hanc
857 1567 1286 1626 benedictionem
1310 1567 1449 1623 idem
1473 1565 1760 1637 Apostolus
1780 1564 1886 1618 alio
1908 1563 2026 1618 loco

439 1665 678 1734 assignat
703 1664 843 1718 inter
881 1667 1076 1718 ezetera
1115 1662 1337 1717 dicens:
1371 1660 1435 1714 Et
1458 1676 1522 1714 ea:
1553 1657 1739 1730 quibus
1787 1655 2026 1710 Cltristus

440 1758 726 1813 secundum
757 1771 968 1810 carnem
989 1797 1003 1820 ,
1032 1755 1122 1826 qui
1151 1765 1222 1808 est
1256 1753 1553 1808 benedictus
1585 1765 1742 1822 super
1770 1749 1945 1805 omnia
1973 1748 2028 1802 in

441 1849 657 1906 ειιιειιια.
684 1849 850 1902 Amen
876 1849 893 1919 (
915 1847 1068 1902 Rom.
1098 1848 1208 1915 Ix).
1258 1845 1366 1899 Aut
1403 1855 1630 1913 uterque
1658 1844 1723 1896 ad
1754 1840 2028 1897 Christum

441 1942 740 2012 pertinens,
771 1946 864 1993 aut
897 1935 1084 1993 eadem
1109 1925 1246 1991 dixit
1273 1932 1337 1992 de
1357 1929 1650 2005 Filio,quae
1677 1936 1730 1988 et
1755 1933 1820 1987 de
1847 1927 2026 1986 Patre.

445 2033 653 2110 (0rig.)_
675 2019 1010 2102 Frequenter
1043 2023 1094 2085 lii
1121 2023 1416 2102 Scriptu'ris
1455 2018 1756 2082 invenimus
1792 2030 1848 2110 et
1875 2011 2032 2078 nobis

445 2141 587 2196 suape
613 2107 903 2181 dissertum
954 2115 1066 2189 est,
1093 2111 1235 2192 quod
1263 2113 1441 2182 homo,
1478 2112 1698 2189 spiritus
1725 2124 1780 2172 et
1811 2107 2030 2184 eorp‘us,

444 2217 622 2274 anima
641 2231 761 2274 esse
783 2207 1024 2280 dicatii'r‘,
1051 2215 1236 2270 verum
1252 2227 1374 2269 cum
1392 2202 1606 2275 dicitur,
1626 2209 1750 2280 quia
1771 2224 1894 2264 caro
1917 2219 2035 2262 con-

444 2309 658 2378 cupiscit
677 2308 924 2363 adversus
943 2306 1206 2376 spiritum,
1222 2305 1437 2376 spiritus
1455 2311 1628 2356 autem
1645 2300 1894 2354 adversus
1917 2313 2033 2351 car-

445 2416 562 2456 nem
593 2397 735 2468 (Gal.
763 2401 838 2470 v),
863 2399 1036 2454 media
1063 2389 1249 2468 procul
1273 2384 1434 2452 dubio
1455 2382 1674 2466 ponitur
1695 2379 1896 2456 aiiinta,
1913 2402 2033 2460 quae

443 2493 530 2550 vel
576 2488 858 2548 desideriis
901 2483 1122 2562 spiritus
1158 2483 1490 2560 acquiescat,
1519 2485 1603 2542 vel
1629 2473 1812 2541 carnis
1836 2469 2030 2539 concu-

445 2585 724 2657 piscentiis
749 2581 1058 2639 inclinetur.
1089 2582 1156 2637 Et
1181 2583 1225 2636 si
1255 2581 1472 2652 quidem
1496 2595 1555 2657 se
1583 2577 1824 2657 junxerit
1849 2575 1998 2631 carni
2017 2617 2030 2640 ,

446 2692 611 2730 utmm
651 2691 774 2730 cum
811 2691 876 2730 ea
913 2687 1106 2744 corpus
1149 2671 1200 2727 i'n
1241 2669 1462 2726 libidine
1494 2648 1547 2726 si
1583 2656 2036 2740 eoncubiscentiis

446 2767 563 2837 ejus
610 2766 869 2832 eiiicitur;
923 2767 968 2822 si
1010 2781 1136 2820 vero
1180 2779 1238 2819 se
1282 2759 1572 2819 sociaverit
1612 2755 1862 2831 spiritui;
1894 2773 2034 2813 unus

447 2877 570 2916 cum
605 2875 667 2915 ea
693 2859 914 2931 spiritus
940 2859 1060 2914 erit.
1090 2857 1295 2912 idcirco
1322 2855 1552 2925 denique
1581 2839 1648 2909 de
1675 2853 1780 2919 his,
1805 2867 2033 2925 quorum

449 2969 505 3007 se
537 2951 730 3006 anima:
756 2967 819 3006 ex
861 2949 1070 3021 integro
1097 2963 1218 3004 cum
1241 2942 1402 3003 earne
1430 2941 1739 3016 junxerunt,
1772 2943 1902 2998 dicit
1926 2943 2035 2998 Do-

451 3042 627 3096 minus
666 3041 719 3094 in
764 3038 1099 3109 Scripturis:
1143 3039 1265 3092 lam
1311 3053 1413 3090 non
1452 3035 1770 3106 permanebit
1801 3033 2034 3104 Spiritus

451 3147 598 3188 meus
623 3133 678 3186 in
705 3131 998 3186 hominibus
1020 3131 1154 3195 istis,
1193 3129 1316 3200 quia
1341 3143 1462 3182 caro
1489 3137 1608 3181 sunt
1638 3123 1788 3198 (Gen.
1820 3122 1930 3200 vr);
1965 3125 2030 3179 de

451 3225 536 3280 his
559 3215 738 3279 autem
761 3239 991 3293 quorum
1019 3187 1396 3276 fuerat'anima
1418 3187 2034 3291 spiritui‘sociata,’iipo-
2059 3187 2103 3252 Ο

452 3315 621 3371 stolus
644 3313 774 3370 dicit
800 3333 814 3368 :
846 3311 948 3368 Vos
971 3323 1145 3388 autem
1169 3327 1274 3367 non
1293 3313 1415 3366 estis
1442 3311 1495 3364 in
1519 3327 1697 3376 carne,
1724 3311 1816 3390 sed
1843 3313 1896 3366 in
1925 3309 2034 3382 spi-

454 3407 558 3460 ritu
584 3404 756 3474 (Rom.
786 3402 923 3475 vni).
954 3402 1091 3460 Su‘nt
1115 3413 1399 3474 praeterea,
1426 3401 1566 3459 sicut
1587 3401 1640 3456 in
1669 3397 1854 3458 multis
1883 3397 2035 3459 Scri-

451 3509 625 3572 ptura:
667 3497 799 3556 locis
841 3497 1172 3566 invenimus,
1216 3497 1380 3554 etiam
1422 3495 1702 3567 utriusque
1739 3487 1912 3566 satis
1952 3497 2036 3552 vc'l

455 3593 733 3663 utriusque
760 3591 861 3648 via:
900 3591 1140 3648 fautores
1185 3578 1403 3662 quidam
1434 3597 1488 3644 et
1518 3589 1793 3660 adjutores
1825 3581 2034 3666 angeli,

455 3701 577 3742 nam
609 3685 790 3742 carnis
816 3683 1264 3756 concupiscentiae
1305 3670 1564 3738 adversus
1603 3682 1850 3752 Spiritum
1893 3679 2038 3737 favet

453 3777 716 3842 diabolus,
758 3781 814 3832 et
849 3773 1020 3846 angeli
1047 3774 1163 3846 ejus
1187 3780 1242 3831 et
1271 3789 1459 3829 omnes
1488 3772 1760 3845 spiritales
1785 3761 2038 3844 nequiitqu

457 3873 510 3928 in
545 3871 854 3928 cmlestibus
879 3871 1094 3944 (Epltes.
1125 3869 1225 3938 vi),
1253 3867 1543 3937 cunctique
1583 3867 1866 3922 adversum
1903 3882 2038 3938 quos

456 3955 766 4020 hominibus
803 3958 1070 4020 luctamen
1111 3971 1228 4028 est,
1267 3956 1601 4033 principatus
1631 3967 1685 4016 et
1713 3967 2034 4031 potestates,

457 4065 514 4111 et
559 4055 743 4111 mundi
791 4053 950 4126 hujus
995 4064 1234 4110 rectores
1279 4054 1666 4118 tenebrarum;
1705 4068 1736 4107 e
1765 4046 2036 4108 contrario

456 4162 586 4202 vero
625 4146 834 4218 spiritui
876 4145 1134 4200 adversus
1173 4157 1393 4199 carnem
1437 4141 1733 4198 deeertanti
1775 4138 2038 4196 animar'no

458 4255 563 4310 que
581 4241 895 4303 humanam,
916 4253 1035 4307 qua:
1055 4237 1228 4292 media
1250 4245 1352 4300 est,
1374 4237 1439 4288 ad
1459 4252 1518 4290 se
1541 4251 1796 4289 revocare
1819 4231 2037 4290 conanti

459 4332 644 4387 favent
665 4329 838 4400 angeli
867 4317 1143 4384 hominum
1169 4342 1360 4382 omnes
1388 4310 1463 4380 iiii
1485 4368 1498 4392 ,
1529 4322 1595 4381 de
1631 4327 1826 4396 quibus
1855 4324 2040 4382 Domi-

460 4435 564 4477 nus
589 4421 666 4474 ait
693 4437 707 4473 :
738 4420 861 4488 quia
903 4417 1072 4488 angeli
1103 4433 1280 4471 eorum
1319 4417 1490 4470 vident
1533 4417 1720 4488 [aciem
1757 4417 1928 4474 Patris
1957 4419 2039 4473 ve-

1066 357 1128 415 s.
1169 352 1422 414 RABANI
1459 350 1680 412 unum
1715 347 2046 408 ARCIIIEP.‘
2075 315 2389 403 uocem:
2425 311 2713 398 ornauit
2747 313 2928 398 PARS
2967 311 3052 395 tu.

3555 297 3590 394 ‘t
3605 335 3778 394 δυο

2118 476 2161 538 si
2202 480 2324 534 velit
2347 477 2546 550 eligere
2577 475 2742 532 vitam
2768 473 3076 541 Christum,
3106 483 3201 529 aut
3237 474 3291 530 in
3318 483 3562 530 mortem
3595 475 3774 530 dia—

2117 554 2297 646 bolum
2347 572 2660 652 declinare}:
2695 558 2836 652 quod
2867 570 2912 652 si
2953 569 3474 652 agnomelttslanima
3512 568 3770 638 Deum,

2117 657 2392 742 Christum
2414 663 2582 742 vitam
2605 641 3085 732 suauiamplexa't'a
3108 641 3225 740 non.
3241 641 3422 742 fuerit,
3437 641 3550 742 nec
3580 659 3768 714 sicut

2119 733 2286 837 Deum
2309 739 2720 834 magni/iacuerit
2752 762 2842 806 aut
2864 741 3063 825 gratias
3091 733 3273 822 egerit,
3310 733 3399 806 sed
3431 733 3766 806 evantes-it

2118 831 2172 899 in
2196 831 2596 914 cogitationibus
2619 835 2747 904 suis,
2771 852 2816 896 et
2843 830 3119 897 mutaverit
3145 841 3365 914 gloriam
3387 836 3762 911 incorrupti-

2121 923 2237 989 bilis
2269 934 2365 989 Dei
2399 935 2454 990 in
2501 931 2900 989 similitudinem
2945 919 3189 1005 imaginis
3229 935 3610 1005 corruptibilis
3642 935 3762 986 h9-

2119 1025 2274 1080 ininis
2303 1025 2350 1079 et
2380 1027 2674 1088 volucrum,
2699 1038 2742 1078 e'
2770 1021 3189 1096 quadrupedum,
3219 1033 3268 1078 ct
3287 1007 3658 1094 serpentium,
3686 1034 3759 1080 et

2121 1105 2175 1172 in
2212 1109 2298 1172 his
2335 1113 2586 1174 omnibus
2631 1113 2984 1171 declinaverit
3031 1113 3095 1168 ad
3127 1099 3344 1170 carnem
3399 1123 3580 1184 atque
3641 1128 3757 1170 eos

2121 1210 2212 1281 qui
2235 1211 2417 1264 carnis
2442 1205 2724 1265 desideriis
2750 1207 2954 1276 favent,
2979 1186 3380 1280 derelinquetur
3407 1208 3531 1264 sine
3558 1208 3756 1262 dubio

2124 1304 2178 1357 et
2197 1295 2478 1358 deseretur
2501 1295 2569 1356 ab
2592 1299 2679 1356 his
2715 1301 2808 1371 qui
2832 1315 2950 1354 eam
2973 1299 3157 1355 favore
3179 1285 3276 1355 suo
3290 1309 3349 1354 ut
3365 1281 3596 1379 spiritui
3617 1300 3760 1372 jun-

2125 1393 2342 1466 geretur
2367 1386 2727 1472 ’animalban't,
2753 1401 2807 1448 et
2835 1393 3132 1472 concedent
3158 1407 3291 1470 eam
3314 1431 3330 1458 ,
3367 1391 3452 1447 vel
3500 1385 3752 1446 lradent

2126 1482 2412 1540 desideriis
2444 1469 2624 1540 cordis
2654 1485 2760 1550 sui,
2789 1484 2988 1555 quibus
3015 1469 3167 1538 carni
3195 1483 3435 1562 sociatur
3461 1491 3512 1536 et
3536 1481 3754 1536 adhae-

2128 1567 2246 1658 ret;
2291 1592 2465 1648 neque
2501 1577 2644 1632 enim
2683 1573 3035 1631 obsistentem
3081 1591 3201 1630 eam
3249 1589 3312 1655 ac
3359 1573 3752 1650 reluctantem

2128 1667 2195 1723 ad
2224 1684 2286 1722 ea
2314 1684 2433 1738 quae
2458 1661 2748 1743 i'ei‘tigit‘ac
2785 1667 2990 1739 respuit
3035 1667 3392 1746 revocabunt:
3433 1669 3612 1737 cujus
3666 1667 3760 1720 rei

2130 1757 2452 1832 imaginem,
2501 1758 2546 1832 si
2595 1759 2771 1816 adhuc
2806 1759 3020 1814 videtur
3057 1759 3305 1822 obscura,
3355 1757 3445 1812 tali
3488 1757 3758 1826 quadam

2135 1836 2320 1922 specie
2346 1840 2770 1936 manifestiorem
2793 1832 3195 1920 planioremque
3215 1847 3524 1903 reddemus.
3550 1847 3761 1902 Ponao

2133 1933 2254 2025 inus
2271 1958 2402 2024 esse
2428 1929 2641 2026 aliquod
2667 1929 3020 2026 dontiiciliuni,
3051 1939 3108 2024 in‘
3135 1935 3243 2010 quo
3267 1955 3388 1996 cum
3415 1953 3676 2010 corpore
3697 1945 3762 1994 et

2132 2012 2346 2120 spiritu,
2371 2003 2512 2120 veiut
2539 2023 2660 2088 cum
2685 2009 2893 2120 duobus
2919 2004 3250 2118 consiliariis
3269 2029 3485 2112 habitet
3509 2032 3755 2096 anima;

2133 2107 2232 2198 pro
2269 2111 2477 2182 foribus
2528 2140 2659 2181 vero
2697 2107 2868 2204 hujus
2897 2107 3154 2180 domicilii
3201 2107 3383 2179 astare
3425 2124 3710 2202 pietatem
3736 2165 3753 2187 ,

2134 2211 2433 2298 omnesque
2461 2233 2583 2284 cum
2605 2232 2669 2273 ea
2691 2203 2920 2296 virtutes
2939 2234 2958 2298 ε.
2976 2233 3043 2298 ex
3066 2215 3168 2270 alia
3193 2231 3324 2270 vero
3345 2223 3500 2294 parte
3541 2215 3756 2284 impie-

2135 2289 2664 2378 ltatem,iomnesque
2702 2289 3039 2363 luxuriai'uin
3071 2321 3136 2364 ac
3162 2307 3445 2385 libidinum
3488 2289 3750 2374 formas,

2135 2411 2190 2460 et
2213 2411 2528 2471 exspectare
2555 2393 2750 2486 animus
2774 2385 3164 2470 nutuin,quem
3187 2414 3256 2456 ex
3286 2401 3492 2476 duobus
3520 2387 3628 2470 pro
3661 2399 3751 2454 fo-

2136 2487 2286 2574 ribus
2322 2479 2736 2550 observantibus
2777 2489 3001 2572 chorum
3041 2493 3305 2574 introduci
3333 2495 3398 2548 ad
3431 2509 3488 2549 se
3511 2494 3748 2550 deside-

2135 2598 2241 2656 ret,
2271 2603 2430 2659 quem
2455 2585 2676 2659 repelli?
2697 2586 2888 2642 Nonne
2915 2587 2960 2646 si
2992 2587 3202 2658 spiritui
3238 2586 3620 2656 obtemperans
3639 2627 3656 2646 .
3685 2593 3744 2642 et

2137 2669 2349 2754 meliori
2403 2697 2498 2736 usa
2539 2679 2870 2760 consiliario,
2913 2680 3129 2751 pietatis
3167 2673 3222 2734 et
3266 2678 3536 2749 pudicitia:
3571 2677 3641 2730 ad
3677 2691 3742 2733 se

2135 2775 2447 2833 evocaverit
2474 2775 2723 2842 chorum,
2754 2773 2843 2829 ille
2872 2773 3012 2829 alius
3051 2780 3268 2848 spretus
3305 2771 3737 2842 repudiatusque

2137 2865 2426 2944 discedet?
2465 2865 2522 2920 Si
2550 2881 2678 2920 vero
2706 2865 2885 2944 carnis
2917 2879 3013 2920 usa
3056 2864 3300 2920 consiliis
3339 2862 3632 2933 impietatis
3658 2862 3734 2917 ad

2137 2975 2198 3016 se
2226 2967 2282 3015 et
2318 2943 2557 3040 iibidinis
2587 2943 2950 3032 introduxerit
2979 2963 3212 3034 turmam
3233 2995 3250 3020 ,
3275 2955 3453 3010 munis
3481 2953 3566 3007 illa
3596 2969 3728 3007 san-

2138 3050 2342 3106 ctitatis
2391 3055 2449 3128 [et
2475 3049 2693 3120 pietatis
2719 3063 2946 3126 corona,
2977 3047 3062 3122 cui
3096 3047 3360 3124 maiorum
3387 3046 3564 3100 anima
3598 3059 3723 3100 eon-

2140 3133 2330 3222 silium.
2347 3137 2600 3214 praetulit,
2629 3141 2777 3210 justa
2803 3155 2925 3196 cum
2957 3139 3326 3214 indignatione
3358 3139 3603 3204 recedet,
3635 3154 3725 3193 re-

2135 3233 2401 3315 linquens,
2429 3231 2871 3315 eatn‘desideriis
2896 3227 3078 3286 cordis
3115 3230 3195 3285 sui
3218 3267 3232 3296 ,
3263 3237 3324 3284 ut
3347 3230 3641 3301 ignominia
3667 3235 3722 3283 et

2135 3307 2474 3403 contumeliis
2509 3307 2708 3403 adiciat
2736 3338 2933 3401 corpus
2969 3337 3124 3376 suum
3160 3321 3214 3376 in
3245 3321 3570 3391 semetipsa,
3607 3335 3720 3390 quis

2135 3399 2490 3488 commutavit
2507 3399 2792 3472 veritatem
2811 3399 2908 3491 Dei
2922 3412 2975 3468 in
2993 3411 3296 3491 mendacio,
3313 3421 3368 3470 et
3381 3411 3718 3466 introducens

2135 3494 2201 3562 ad
2227 3521 2282 3560 se
2310 3506 2640 3577 impietatem
2662 3513 2718 3559 et
2741 3492 3113 3559 infelicitatem
3139 3503 3268 3557 coiit
3285 3512 3342 3558 et
3363 3501 3529 3556 servit
3549 3501 3716 3572 potius

2137 3605 2397 3671 creaturae
2414 3611 2575 3665 quam
2595 3579 2859 3658 Creatori,
2872 3580 2967 3671 qili
2988 3602 3074 3671 est
3094 3593 3485 3671 benedictusin
3507 3594 3712 3648 sarcula.

2137 3688 2321 3770 (Aug)
2353 3666 2638 3770 intelligile
2678 3666 3008 3766 prudenter,
3053 3666 3146 3738 aut
3187 3666 3538 3752 simulacrum
3576 3685 3712 3738 enim

2135 3775 2340 3858 colunt,
2372 3789 2465 3834 aut
2502 3777 2841 3859 creaturam;
2873 3777 2965 3846 qui
3004 3776 3351 3832 simulacrum
3390 3775 3554 3840 colit,
3596 3791 3713 3830 cana

2137 3853 2299 3929 vertit
2323 3853 2608 3928 veritatem
2647 3853 2742 3927 Dei
2776 3870 2829 3925 in
2867 3868 3249 3943 mendacium;
3294 3881 3417 3924 nam
3441 3879 3601 3924 mare
3619 3881 3711 3922 ve-

2137 3969 2270 4022 ritas
2315 3952 2416 4032 est,
2453 3949 2734 4036 Neptunus
2780 3971 2962 4045 autem
3012 3962 3372 4028 mendacium,
3421 3960 3620 4016 factum
3649 3962 3711 4016 ab

2138 4053 2356 4114 homine
2381 4049 2642 4112 conversa
2683 4045 2918 4108 veritate
2959 4051 3052 4108 Dei
3095 4054 3150 4108 iu
3193 4053 3566 4116 mendacium,
3595 4049 3708 4122 quia

2139 4145 2280 4210 Dens
2303 4145 2432 4204 fecit
2461 4163 2646 4223 mare,_
2664 4129 2826 4202 homo
2862 4155 3042 4202 autem
3070 4145 3420 4200 simulacrum
3459 4144 3706 4215 Neptuni;

2141 4227 2218 4296 sic
2258 4229 2400 4296 Deus
2439 4238 2566 4294 fecit
2606 4248 2660 4293 et
2703 4237 2870 4294 solem
2880 4279 2904 4307 ,
2949 4237 3110 4292 homo
3146 4243 3328 4307 autem
3376 4236 3708 4290 simulacrum

2143 4331 2272 4389 solis
2297 4329 2544 4387 faciendo
2561 4318 2832 4386 convertit
2861 4322 3139 4407 veritatem
3169 4305 3262 4382 Dei
3289 4329 3341 4382 in
3364 4325 3704 4382 mendacium.

2140 4410 2246 4480 Sed
2277 4421 2343 4478 ne
2363 4421 2565 4489 dicant,
2593 4413 2699 4478 iion
2731 4421 2850 4478 colo
2879 4420 3247 4485 simulacrum,
3265 4421 3356 4475 sed
3381 4420 3546 4476 solem
3577 4420 3704 4484 cola,

459 4511 586 4572 stri,
619 4508 708 4580 qui
751 4508 803 4562 in
849 4506 988 4561 caelis
1026 4516 1130 4570 est,
1170 4496 1236 4562 de
1275 4499 1471 4577 quibus
1506 4502 1792 4578 Apostolus
1830 4507 1894 4562 ad
1927 4507 2032 4563 He-

2141 4517 2262 4572 ideo
2291 4513 2464 4570 dixit:
2507 4512 2792 4601 Coluerunt
2828 4513 3002 4585 potius
3036 4523 3331 4568 creaturam
3369 4527 3526 4584 quam
3547 4512 3705 4596 ἢστεπ-

457 4602 634 4658 ὶπτεοε
661 4600 828 4656 ἀίοἰιξ
863 4597 1054 4652 Nonne
1087 4599 1260 4652 omnes
1292 4597 1519 4652 ministri
1546 4591 1667 4652 sunt
1695 4595 1924 4670 spiritus,
1964 4591 2032 4652 ad

459 4692 804 4749 ministerium
829 4687 995 4754 missi;
1013 4677 1221 4760 propter
1239 4702 1326 4743 eos
1341 4689 1430 4760 qui
1447 4687 1799 4744 Itwreditatem
1821 4689 2032 4758 capiunt

457 4779 672 4838 salutis?
685 4779 871 4852 (Hebr.
888 4781 950 4851 t).
967 4777 1132 4833 Favet
1147 4767 1201 4833 et
1215 4775 1329 4849 ipse
1345 4778 1625 4844 Dominus,
1642 4779 1729 4848 qdi
1743 4777 1905 4834 etiam
1924 4773 2033 4834 ani-

458 4889 599 4928 mam
630 4874 782 4928 suam
807 4873 959 4944 ponit
996 4877 1094 4943 pro
1129 4861 1318 4926 ovibus
1357 4867 1468 4926 suis
1509 4867 1690 4942 (Joan.
1721 4865 1798 4944 ι).
1833 4869 1938 4926 Sed
1963 4877 2034 4944 ex

460 4973 688 5034 utraque
717 4943 868 5034 parte
895 4961 1096 5018 favoris
1123 4949 1402 5031 discipilna‘
1445 4967 1724 5027 servatur,
1752 4979 1856 5017 non
1888 4943 2032 5017 enim

457 5054 509 5108 vi
544 5069 630 5109 res
669 5054 865 5124 agitur,
909 5058 1082 5122 neque
1126 5051 1447 5108 necessitate
1475 5036 1529 5106 iit
1558 5051 1781 5106 alteram
1822 5060 2034 5120 partem

459 5144 637 5200 anima
672 5143 988 5207 declinatur,
1033 5140 1268 5214 alioquin
1310 5148 1410 5198 nec
1443 5139 1599 5212 culpa
1623 5141 1707 5214 ei,
1735 5158 1832 5197 nec
1864 5136 2034 5197 virtus

457 5236 640 5304 posset
675 5234 904 5320 ascribi,
938 5227 1037 5288 nec
1067 5213 1196 5288 boni
1223 5226 1415 5289 eiectio
1452 5213 1762 5305 praemium,
1807 5249 1904 5288 nec
1941 5229 2034 5320 de:

459 5321 680 5379 clinatio
704 5322 829 5376 ntali
859 5307 1176 5392 supplicium
1206 5328 1540 5389 mereretur,
1585 5315 1678 5377 sed
1708 5330 1956 5377 Servatur
1981 5307 2031 5377 ei

459 5417 513 5472 in
539 5413 788 5470 omnibus
815 5413 1032 5472 libertas
1059 5414 1292 5484 arbitrii,
1317 5423 1377 5468 ut
1405 5415 1458 5468 in
1488 5413 1632 5484 quod
1659 5413 1889 5468 voluerit
1917 5413 2031 5482 ipsa

460 5505 710 5569 declinet,
748 5504 886 5560 sicut
915 5505 1173 5574 scriptum
1197 5509 1280 5561 est
1306 5518 1321 5561 ε
1363 5505 1497 5560 Ecce
1521 5507 1672 5576 posui
1695 5515 1814 5560 ante
1841 5506 2031 5576 faciem

459 5607 602 5652 tuam
623 5598 806 5661 vitam,
837 5606 885 5650 et
905 5606 1143 5662 mortem,
1174 5598 1344 5668 ignem
1371 5608 1418 5652 et
1451 5613 1641 5668 aquam
1680 5595 1871 5668 (Ereti.
1897 5597 2026 5672 is);

460 5690 568 5744 vita
590 5703 719 5760 ergo
747 5687 998 5744 Christus
1027 5696 1128 5753 est,
1157 5697 1211 5742 et
1235 5691 1382 5743 ‘mors
1409 5687 1732 5744 novissimus
1759 5671 2028 5756 inimicul

459 5778 550 5854 qut
585 5790 666 5836 est
694 5780 958 5840 diabolus.
1000 5773 1175 5858 liabet
1195 5784 1326 5854 ergo
1354 5781 1410 5836 in
1435 5769 1661 5838 arbitrio
1687 5789 1786 5839 Suo
1811 5784 1990 5842 anima
2009 5825 2026 5852 ,

2139 4606 2323 4661 torem.
2351 4601 2456 4660 Sed
2479 4621 2558 4659 vae
2586 4592 2704 4668 tibi,
2727 4590 2769 4657 si
2793 4603 3059 4658 amaveris
3081 4603 3316 4668 condita,
3339 4609 3394 4656 et
3417 4590 3705 4658 deserueris

2139 4694 2450 4752 Creatorem
2477 4709 2490 4746 :
2521 4664 2744 4770 pulchra
2780 4673 2874 4746 tibi
2915 4677 3075 4762 sunt,
3125 4693 3218 4747 sed
3263 4664 3466 4762 quanto
3510 4693 3596 4747 ille
3627 4699 3700 4750 est

2138 4777 2431 4859 pulchrior,
2464 4783 2554 4853 qui
2583 4777 2684 4838 ista
2726 4775 3018 4838 formavit?
3057 4783 3300 4838 intendat
3342 4783 3587 4840 Charitas
3623 4799 3700 4838 ve-

2139 4877 2276 4958 stra,
2309 4889 2376 4929 ne
2417 4875 2672 4944 subrepat
2697 4867 2850 4928 vobis
2889 4871 3120 4958 satanas
3147 4874 3365 4941 dicens,
3410 4876 3552 4946 quod
3579 4875 3704 4932 solet

2139 4967 2339 5050 dicere,
2369 4967 2514 5024 Bene
2558 4959 2713 5024 nobis
2751 4969 2820 5025 sit
2849 4969 2904 5026 in
2935 4980 3184 5024 creatura
3215 4970 3331 5036 Dei,
3357 4985 3522 5040 quare
3568 4972 3695 5026 illam

2134 5059 2282 5126 fecit,
2313 5055 2417 5115 nisi
2459 5070 2520 5114 ut
2562 5062 2698 5115 bene
2727 5061 2797 5116 sit
2827 5061 3002 5125 nobis.
3039 5069 3094 5116 et
3135 5061 3510 5128 inebriantur,
3537 5071 3589 5116 et
3611 5078 3695 5131 pe-

2133 5152 2291 5208 reunt
2334 5161 2389 5208 et
2430 5152 2823 5208 obliviscuntur
2866 5152 3175 5208 Creatorem
3217 5169 3407 5219 Sillim,
3448 5153 3574 5208 dum
3602 5169 3692 5209 non

2134 5266 2456 5328 temperant,
2483 5258 2578 5314 sed
2607 5258 2797 5328 cupide
2826 5266 3052 5314 utuntur
3079 5255 3298 5324 Creatis,
3319 5231 3695 5315 ’ὕπεισι-’ροη-

2135 5359 2409 5424 temnitur,
2440 5359 2506 5415 de
2528 5359 2724 5415 talibus
2749 5359 2880 5414 dicit
2907 5357 3212 5429 Apostolus,
3237 5345 3521 5417 Cotueru'nt
3537 5365 3585 5416 n
3603 5378 3696 5418 ser-

2132 5461 2332 5515 vierunt
2357 5469 2612 5515 creatura:
2637 5462 2812 5531 potius
2837 5474 2993 5530 uuam
3015 5461 3254 5517 Creatori
3275 5503 3291 5530 ,
3321 5463 3412 5534 qui
3445 5474 3519 5520 est
3557 5464 3693 5522 bene-

2131 5563 2300 5618 dictus
2326 5564 2382 5618 in
2418 5563 2630 5618 siccata.-
2670 5562 2786 5618 Non
2830 5567 2881 5618 te
2919 5547 3168 5633 prohibet
3197 5558 3338 5621 Deus
3365 5571 3552 5624 amare
3576 5565 3692 5630 ista,

2130 5662 2225 5719 sed
2256 5662 2361 5718 non
2389 5661 2610 5732 diligere
2649 5661 2716 5716 ad
2749 5655 3166 5730 beatitudinem,
3198 5659 3290 5720 sed
3318 5650 3616 5734 approbare
3645 5667 3693 5722 et

2129 5758 2372 5830 laudare,
2395 5757 2457 5818 iit
2475 5753 2626 5817 nues
2645 5743 2956 5818 creatorem
2971 5777 2986 5830 ;
3002 5771 3132 5835 ergo
3152 5753 3296 5820 dedit
3323 5757 3428 5852 tibi
3440 5754 3582 5820 Deus
3599 5763 3688 5824 ista
