4056 6336
329 333 475 389 15Μ

905 326 1448 388 ENARRATIONUM
1486 326 1558 386 IN
1595 324 1743 386 EPP.
1779 328 1916 386 PAU

2021 330 2146 387 ιω.
2183 318 2223 388 i.
2263 363 2333 376 -
2367 333 2435 392 1N
2469 336 2687 394 EPIST.
2728 336 2820 394 AD
2856 337 3022 400 nou.

3439 343 3580 402 usos
3605 411 3618 427 ι

328 448 535 515 omnia,
562 462 684 503 ama
709 446 858 502 illum
874 486 890 511 ,
917 445 1009 515 qui
1036 445 1195 511 fecit,
1218 442 1339 515 pius
1364 452 1451 500 est
1486 444 1629 514 quod
1670 443 1767 499 tibi
1792 442 1907 497 vult
1930 444 1987 507 Α
2010 452 2175 501 tatem
2202 448 2393 506 horum
2429 452 2764 507 aestimarunt
2787 444 3119 535 incuriosum
3145 453 3314 512 Deum
3335 456 3581 529 judican-

334 543 485 608 dare,
508 539 571 596 id:
587 549 693 605 est,
719 538 981 609 seipsum,
1007 538 1099 608 qui
1128 538 1231 593 ista
1260 538 1406 593 fecit.

402 631 687 703 Propterea
720 630 937 689 tradidit
967 629 1086 685 illos
1124 629 1335 685 Deusin
1369 626 1637 701 passiones
1671 631 1897 701 ignomi-

331 726 453 781 niae.
508 722 653 779 Nam
708 722 914 791 lentim
942 723 1121 775 eorum
1164 721 1567 775 insinuaverunt
1605 719 1900 775 naturalem

329 833 484 873 usuin
562 817 618 870 in
671 822 813 894 eum.
847 828 1002 868 usum
1078 813 1168 883 qui
1245 820 1321 865 est
1378 816 1562 866 contra
1634 821 1897 865 naturam.

334 906 566 979 (Ambr.)
590 905 715 960 Haec
734 906 872 960 irato
897 903 1006 957 Deo
1034 911 1256 971 propter
1282 900 1639 956 idololatriam
1662 898 1903 955 humano

333 999 515 1069 generi
542 996 854 1068 provenisse
880 1000 1133 1058 testatur,
1148 1003 1210 1047 ut
1234 993 1426 1047 mulier
1449 990 1730 1047 mulierem
1760 991 1902 1061 turpi

332 1088 597 1146 desiderio
618 1087 687 1142 ad
714 1096 869 1142 usum
893 1094 1193 1155 appeteret,
1220 1084 1363 1153 quod
1388 1082 1610 1153 quidam
1641 1082 1805 1137 aliter
1824 1082 1903 1136 in-

334 1187 717 1252 terpretantur,
750 1194 854 1233 non
889 1177 1273 1248 perspicientes
1306 1174 1414 1229 vim
1457 1168 1605 1229 dicti.
1648 1173 1787 1241 Quid
1822 1182 1906 1227 est

333 1273 481 1328 etum
518 1272 806 1326 immutare
844 1268 1141 1327 naturalem
1195 1280 1347 1320 usum
1381 1265 1437 1318 in
1479 1278 1601 1319 eum
1628 1272 1783 1318 usum
1814 1264 1901 1332 qui

332 1373 418 1419 est
443 1370 631 1418 contra
660 1362 929 1423 naturam;
960 1359 1062 1415 nisi
1102 1358 1314 1413 sublato
1347 1368 1606 1412 concesso
1628 1370 1727 1409 usu
1750 1355 1907 1409 aliter

332 1456 434 1520 uti,
458 1461 519 1509 ut
545 1469 648 1509 una
671 1461 832 1521 atque
852 1452 1041 1506 eadem
1060 1466 1187 1520 pars
1214 1444 1459 1519 corporis
1485 1448 1905 1516 uniuscujusque

336 1546 477 1600 inter
521 1561 580 1600 se
615 1545 844 1599 invicem
870 1557 1032 1599 sexus
1102 1542 1258 1596 aliter
1287 1556 1345 1596 se
1374 1538 1439 1595 ad
1470 1554 1624 1595 usum
1673 1540 1908 1608 praebeat

333 1653 495 1707 quam
531 1636 849 1693 concessum
874 1637 994 1692 est?
1020 1635 1154 1690 Nam
1190 1637 1234 1690 si
1264 1635 1354 1689 illa
1381 1642 1463 1690 est
1491 1649 1615 1704 pars
1645 1632 1904 1703 corporis,

332 1745 497 1800 quam
525 1738 733 1800 putant,
764 1730 1031 1800 quuniodo
1058 1730 1476 1784 immutaverunt
1500 1740 1651 1781 usum
1679 1734 1904 1792 naturae,

333 1788 453 1877 cum
469 1788 574 1877 non
589 1788 817 1877 habeant
832 1806 1135 1890 hujusmodi
1152 1835 1305 1875 usum
1322 1819 1505 1873 datum
1520 1834 1550 1873 a
1565 1814 1794 1879 naturai
1814 1788 1913 1873 Su;
1936 1788 1984 1861 Β

331 1915 514 1983 pel-ius
536 1913 649 1981 jam
682 1902 904 1968 traditos
929 1912 1138 1967 dixerat
1171 1911 1225 1965 in
1249 1904 1642 1965 immunditiam
1661 1951 1675 1976 ,
1700 1906 1803 1964 non
1830 1912 1910 1963 ta-

329 2016 454 2059 men
480 2003 764 2071 qna‘liiates
792 2002 969 2070 operis
1001 2000 1353 2056 immunditiis
1382 2000 1550 2069 ipsius
1579 1994 1905 2065 ostenderat,

327 2105 431 2161 pro
456 2104 727 2160 quo-nunc
747 2084 1023 2146 declarat:
1057 2090 1316 2146 Similiter
1362 2102 1536 2145 autem
1578 2099 1628 2144 et
1663 2088 1907 2155 masculi,

329 2183 509 2238 relicto
556 2182 786 2238 naturali
818 2199 916 2237 usu
969 2182 1192 2249 ferinum,
1224 2182 1529 2236 exarserunt
1558 2184 1610 2236 in
1638 2180 1909 2236 desideriis

326 2276 442 2328 suis
467 2275 703 2341 invicem,
728 2273 949 2328 masculi
976 2275 1032 2329 in
1061 2274 1343 2339 masculos,
1384 2274 1757 2345 turpitudinem
1793 2290 1909 2345 ope-

330 2373 525 2419 rantes.
556 2364 709 2419 Nunc
731 2364 1112 2429 manifestavit,
1141 2366 1411 2436 quomodo
1435 2366 1682 2436 superius
1708 2367 1773 2421 de
1793 2383 1908 2421 mu-

322 2454 572 2520 lieribus,
604 2448 745 2525 quod
784 2456 939 2519 dixit,
985 2456 1207 2527 intelligi
1236 2455 1445 2519 debeat,
1480 2457 1696 2525 quando
1727 2468 1904 2513 autem

330 2544 581 2613 subjecit,
595 2542 833 2601 s'imillter
852 2556 897 2599 et
913 2540 1155 2612 masculi,
1177 2547 1361 2602 dicens
1382 2536 1686 2601 exarserunt
1708 2549 1761 2602 in
1779 2550 1910 2603 desi-

328 2635 538 2691 derium
568 2638 651 2690 sui
670 2674 687 2701 ν
721 2632 960 2693 ostendit
986 2646 1230 2710 apertum
1261 2626 1542 2708 peccatum
1580 2640 1902 2709 mulierum;

330 2733 393 2782 et
420 2726 548 2795 quid
570 2724 787 2795 mil-snt;
818 2740 939 2783 cum
968 2729 1141 2794 hodie,
1169 2745 1289 2800 qua
1319 2729 1451 2811 tales
1479 2738 1625 2798 sunt,
1655 2733 1908 2790 mulieres

334 2824 697 2893 repet-lantur,
733 2828 792 2879 ut
820 2825 958 2879 Sicut
984 2823 1110 2879 illud
1132 2839 1163 2879 a
1184 2825 1336 2895 viris,
1370 2822 1441 2880 lia
1464 2835 1518 2881 et
1539 2824 1640 2882 hoc
1667 2843 1697 2882 a
1725 2828 1909 2883 mulie

334 2912 491 2971 ribus
508 2917 578 2971 sit
603 2916 878 2973 inventum
907 2920 920 2972 ὲ
958 2908 1187 2986 denique
1213 2917 1466 2974 mulieres
1492 2918 1635 2974 inter
1660 2935 1718 2975 se
1748 2936 1906 2977 accu—

332 3004 479 3071 sant,
502 3014 558 3063 et
582 2994 685 3063 tiri
714 2994 977 3064 similiter;
1002 3007 1340 3065 Manifestum
1362 3016 1514 3065 estut
1529 2998 1619 3081 qui
1630 3002 1741 3084 jam
1766 3013 1908 3068 veri-

332 3106 504 3155 tatem
530 3099 624 3155 Dei
644 3092 1061 3157 imniuta'veruul
1092 3098 1144 3157 iii
1170 3103 1528 3169 mendacium,
1556 3102 1905 3163 iiumutarent

333 3291 683 3339 [testarentur
704 3284 782 3339 rei
814 3283 939 3340 laeti
967 3284 1156 3341 moi-iis
1176 3288 1451 3356 secundm;
1476 3289 1730 3360 quoniam
1755 3287 1914 3348 aliain

335 3378 514 3445 legem
549 3377 679 3431 dare
704 3378 813 3432 'noii
858 3376 1037 3446 putaui
1082 3370 1338 3444 satanas,
1379 3376 1514 3434 nihil
1552 3382 1697 3435 enim
1733 3381 1913 3448 habet,

337 3470 599 3521 concessa
632 3470 688 3519 et
714 3464 857 3520 licita
890 3465 946 3520 in
992 3462 1155 3520 aliulii
1201 3464 1445 3521 ordinem
1473 3472 1674 3535 versat,
1704 3480 1765 3524 ut
1790 3470 1916 3525 dum

339 3557 502 3613 aliter
529 3556 683 3619 fiunt,
712 3552 871 3626 quam
900 3556 1153 3612 concessa
1181 3558 1324 3622 sunt,
1350 3558 1457 3612 sint
1496 3567 1795 3629 peccatum.
1848 3560 1916 3615 Et

342 3647 655 3729 mercedem,
682 3648 840 3717 quani
886 3646 1131 3717 oportuit,
1179 3648 1373 3702 erroris
1418 3650 1502 3707 sui
1530 3650 1585 3707 in
1631 3654 1917 3723 semetipsis

345 3736 668 3806 recipientes.
720 3736 871 3791 lianc
912 3736 1039 3791 dicit
1089 3740 1581 3807 compensationem
1619 3755 1739 3796 esse
1790 3748 1918 3799 eon-

346 3827 535 3897 tempti
580 3827 695 3892 Dei,
744 3827 796 3881 id
838 3834 963 3892 est,.
990 3826 1397 3898 mrpil'uiilnem,
1427 3831 1919 3887 et'contaminatio-

346 3933 475 3993 nem
499 3935 512 3970 :
541 3918 656 3972 haec
676 3925 757 3993 est
789 3917 933 3993 enim
955 3917 1131 3989 prima
1156 3934 1318 3975 causa
1349 3921 1587 3989 peccati;
1616 3922 1745 3993 quid
1773 3923 1916 3979 enim

347 3990 520 4091 ίηέίίίξι
552 3998 683 4085 Quid
729 3982 1117 4089 detet'iusvlhoc
1158 3982 1421 4079 peccato?
1460 3982 1727 4083 Quantum
1775 4014 1918 4093 enim

350 4100 653 4159 idololatria
703 4102 1021 4171 perimpium
1044 4110 1098 4157 et
1116 4103 1488 4172 gravissimum
1538 4104 1788 4159 delictum
1811 4117 1915 4173 est,

352 4202 557 4253 tantum
586 4200 642 4249 et
666 4193 1031 4264 compensatio
1076 4189 1193 4262 eius
1237 4193 1504 4251 horrenda
1528 4202 1584 4251 et
1606 4192 1919 4265 persordida

351 4284 530 4357 passio
547 4291 649 4339 est.

408 4374 493 4436 ,Et
514 4375 645 4433 sicut
669 4388 773 4429 non
797 4372 1137 4443 probauerunt
1168 4371 1335 4427 Deum
1357 4375 1546 4430 habere
1572 4376 1628 4429 in
1658 4378 1917 4445 notitiam,

2002 546 2104 604 tes,
2130 556 2193 596 ac
2221 544 2320 612 per
2342 542 2445 599 hoc
2473 544 2881 617 negligendum;
2925 546 3051 603 hinc
3093 546 3331 604 additum
3377 559 3480 618 est,
3522 558 3585 608 ut

2001 636 2174 706 magis
2194 652 2257 691 ac
2284 632 2454 710 magis
2474 640 2727 708 hebetati,
2764 638 2831 696 ad
2858 644 3037 698 omnia
3075 628 3214 700 mala
3255 624 3583 704 admittenda

2004 724 2200 809 ﬁerent
2238 730 2618 798 promptiores,
2668 734 2728 785 ut
2762 730 2926 798 facta,
2979 749 3100 803 qua:
3143 733 3450 793 hominibus
3478 754 3583 794 non

2004 816 2342 888 ambigerem
2354 816 2654 890 displicere,
2671 820 2838 877 Deum
2860 824 3145 879 crederent
3167 820 3273 879 non
3290 823 3581 884 vindicare.

1986 907 2158 963 Nmic
2205 918 2486 963 enumerat
2515 911 2691 965 omnia
2732 911 2894 979 mala,
2946 912 3064 982 qua:
3102 912 3208 968 illis
3243 912 3585 986 superaddita

2003 1010 2147 1065 sunt,
2177 1000 2235 1054 ul
2262 1000 2345 1055 vel
2360 1000 2436 1055 sic
2454 994 2700 1057 conversi
2726 998 2793 1056 ad
2814 1004 3109 1058 naturalem
3136 1002 3487 1072 intellectum,
3513 1007 3587 1060 iu-

2005 1089 2328 1163 telligeierii,
2360 1092 2500 1147 irato
2544 1093 2672 1158 Deo,
2707 1094 2819 1147 lucc
2849 1093 2949 1148 sibi
2997 1097 3307 1165 provenisse
3338 1116 3351 1151 :
3385 1096 3586 1171 (Greg.)

2008 1182 2136 1251 quia
2169 1183 2313 1237 enim
2338 1176 2619 1237 Dominum
2646 1184 2944 1255 glorificare
2971 1187 3278 1254 noluerunt,
3313 1205 3472 1259 quem
3503 1206 3589 1244 co-

2006 1282 2325 1345 gnoverunt,
2354 1276 2582 1344 reprobo
2632 1292 2812 1345 sensu,
2842 1268 2909 1331 ad
2957 1270 3059 1333 hoc
3111 1280 3284 1335 relicti
3334 1292 3477 1349 sunt,
3527 1292 3589 1338 ut

2006 1368 2280 1422 nescirent
2330 1368 2491 1421 etiam
2533 1384 2761 1438 pensare
2799 1368 2938 1423 mala
2993 1386 3111 1441 quae
3163 1370 3450 1427 faciebant.
3488 1373 3590 1429 Re-

2005 1458 2189 1527 plelos,
2221 1459 2314 1523 ait,
2340 1459 2481 1512 omni
2522 1459 2812 1528 iniquitate.
2869 1450 3075 1534 (Ᾱὲηὺ.)
3127 1460 3225 1517 Hic
3281 1465 3589 1517 summatim

2006 1544 2218 1602 locutus
2244 1552 2346 1612 est,
2379 1550 2432 1601 et
2477 1548 2701 1619 subjecit
2729 1538 2968 1604 membra
2997 1550 3315 1621 iniquitatis.
3358 1550 3587 1618 Malitia,

2010 1638 2369 1708 fornicatione.
2419 1630 2544 1695 Haec
2591 1640 2873 1696 fornicatio
2906 1642 3068 1696 habet
3102 1641 3155 1696 in
3195 1658 3252 1697 se
3282 1650 3337 1697 et
3381 1643 3589 1700 adulte-

2009 1732 2190 1786 rium:
2231 1724 2274 1785 si
2296 1733 2440 1786 enim
2476 1728 2698 1789 dixisset
2739 1734 3080 1802 adulterium,
3111 1735 3392 1790 videbatur
3422 1752 3589 1792 excu-

2013 1836 2134 1876 sare
2167 1810 2599 1888 fornicationem,
2649 1823 2789 1877 sicut
2822 1822 2966 1893 leges
2995 1822 3268 1890 Remanae,
3302 1824 3421 1881 ideo
3448 1826 3592 1896 quod

2011 1910 2188 1966 minus
2213 1918 2298 1966 est
2338 1906 2537 1981 posuit,
2567 1912 2790 1982 utquod
2817 1913 2991 1984 majus
3016 1914 3244 1969 inultum
3273 1916 3380 1971 non
3423 1917 3594 1988 possit

2007 2003 2176 2070 credi,
2200 2006 2254 2060 ei
2277 2012 2467 2060 caatera
2501 2012 2619 2075 qua:
2649 2004 2936 2061 manifesta
2968 2006 3237 2062 videntur.

2078 2095 2333 2159 Avaritia,
2364 2098 2615 2167 nequitia,
2655 2096 2833 2166 plenos
2867 2097 3083 2163 invidia,
3124 2098 3439 2166 homicidiis,
3471 2116 3593 2154 con-

2007 2188 2252 2253 tentione,
2277 2184 2418 2253 dolo,
2444 2186 2787 2258 malignitate,
2806 2198 3179 2254 susurratores,
3202 2186 3589 2257 deirectatores,

2007 2279 2117 2334 Deo
2138 2276 2379 2343 odibiles,
2407 2274 2828 2345 contumeliosos,
2881 2279 3149 2349 superbos,
3194 2274 3383 2346 elatos,
3418 2274 3595 2335 inven-

2008 2378 2145 2425 tores
2196 2370 2478 2435 malorum,
2526 2370 2826 2439 parentibus
2872 2387 2974 2424 non
3025 2360 3337 2426 obedientes.
3381 2372 3593 2438 Quanta

2008 2468 2188 2514 autem
2220 2457 2503 2514 insolentia
2540 2462 2744 2528 arrepti
2776 2466 2924 2525 sunt,
2957 2464 3016 2513 ut
3043 2474 3141 2513 nec
3165 2452 3415 2530 parentes
3445 2475 3588 2525 suos,

2008 2568 2143 2623 quos
2198 2561 2445 2609 auctores
2488 2550 2541 2605 in
2584 2550 2866 2606 nativitate
2925 2550 3143 2615 habent,
3221 2558 3591 2622 agnoscerent,

2008 2647 2207 2716 quique
2235 2661 2293 2700 se
2319 2644 2477 2700 natos
2509 2644 2824 2715 gauderent,
2855 2632 2973 2699 illos
2998 2656 3096 2715 per
3114 2660 3250 2715 quos
3278 2661 3397 2700 esse
3419 2662 3597 2717 coepe-

2007 2742 2150 2803 rant,
2176 2735 2620 2792 coutemneban't!
2650 2736 2752 2790 hoc
2774 2743 2877 2800 est,
2897 2750 3016 2790 esse
3039 2737 3154 2790 sine
3170 2736 3464 2802 intellectu,
3480 2739 3596 2793 sine

2008 2825 2275 2883 charitate
2300 2826 2394 2881 Dei
2428 2828 2440 2880 ἑ
2469 2830 2592 2881 nam
2615 2832 2731 2881 erat
2755 2820 2896 2880 inter
2915 2824 3033 2882 illos
3053 2826 3287 2882 Charitas
3307 2828 3503 2882 carnis.
3528 2826 3593 2882 lii

2006 2914 2100 2973 Dei
2114 2917 2377 2990 justitiam
2400 2918 2788 2989 adgnoscentes
2808 2922 2905 2988 per
2922 2916 3093 2987 legem
3108 2926 3339 2983 naturae,
3358 2902 3597 2973 scierunt

2004 3009 2148 3063 enim
2176 3009 2290 3063 haec
2318 3006 2426 3064 Deo
2468 3006 2780 3076 displicere,
2834 3009 2927 3063 sed
2973 3009 3087 3064 haec
3111 3008 3165 3064 in
3194 3010 3373 3064 animo
3395 3023 3596 3079 ponere

2006 3101 2292 3157 noluerunt
2316 3106 2328 3155 ὲ
2353 3100 2601 3173 quoniam
2631 3098 2719 3174 qui
2743 3102 2853 3157 lucc
2876 3111 3036 3173 agunt
3079 3098 3223 3173 digni
3264 3100 3386 3155 sunt
3408 3110 3592 3165 morte,

332 3200 392 3250 et
419 3192 719 3248 naturale-iii
746 3192 902 3249 nstitit
928 3195 980 3250 in
1031 3200 1153 3251 eum
1198 3190 1377 3263 usuin,
1407 3164 1524 3267 pel;
1549 3202 1708 3269 qnem
1742 3199 1910 3256 deho-
1936 3164 1985 3240 θ

2014 3203 2063 3248 et
2090 3209 2193 3249 non
2239 3192 2541 3264 solumqui
2570 3190 2770 3264 faciunt
2796 3210 2879 3258 ea,
2930 3192 3021 3247 sed
3062 3192 3217 3246 etiam
3265 3180 3354 3263 qui
3382 3208 3596 3246 consen-

2015 3285 2150 3338 tiunt
2200 3260 2508 3354 facientiiitis
2536 3260 2580 3348 ς’
2608 3292 2858 3339 assensus
2902 3276 3047 3338 enim
3101 3260 3442 3354 participatio
3491 3290 3593 3337 est.

2018 3372 2122 3437 Qui
2151 3390 2267 3426 cum
2281 3372 2545 3442 justitiam
2566 3371 2663 3427 Dei
2683 3374 3181 3444 cognovissent,non
3211 3370 3593 3437 intellexerunt,

2014 3462 2261 3531 quoniam
2282 3464 2370 3531 qui
2392 3462 2520 3516 talia
2543 3472 2723 3532 agunt,
2749 3463 2895 3533 digni
2913 3462 3034 3518 sunt
3054 3474 3238 3517 morte.
3264 3462 3388 3518 Haec
3414 3464 3593 3519 omnia

2017 3553 2158 3607 mala
2204 3566 2400 3622 corpus
2445 3560 2529 3607 est
2575 3552 2955 3622 peccatorum;
2992 3552 3078 3608 'c'ui
3125 3553 3421 3623 mancipati
3468 3554 3596 3609 facti

2018 3646 2145 3699 sunt
2187 3643 2473 3711 potestatis
2494 3640 2754 3710 ejusdem,
2786 3650 2845 3697 ut
2891 3638 3092 3698 faciant
3124 3644 3425 3713 punienda;
3479 3644 3595 3699 hinc

2019 3734 2163 3787 enim
2206 3732 2468 3787 malorum
2513 3748 2675 3788 causa
2706 3746 2736 3787 a
2784 3732 3079 3789 Sodo'initis
3108 3732 3282 3803 empta
3313 3742 3395 3788 est
3421 3732 3592 3788 oll‘en-

2020 3824 2170 3879 sione
2192 3824 2308 3889 Dei,
2334 3820 2472 3879 sicut
2500 3828 2660 3894 supra
2690 3820 2889 3881 dicturii
2913 3824 3016 3891 'es't,
3047 3834 3101 3881 et
3123 3822 3176 3880 in
3196 3822 3409 3880 omnem
3432 3841 3596 3896 prope

2019 3918 2228 3987 partem
2254 3914 2435 3969 mundi
2466 3931 2645 3971 ramos
2670 3932 2797 3971 suos
2827 3916 3087 3983 extendit,
3113 3906 3470 3971 idololatriam
3501 3916 3594 3970 iraa

2020 4008 2115 4065 Dei
2132 4010 2360 4064 causam
2387 4004 2662 4076 nuntians,
2704 4012 2827 4080 quia
2876 4010 3049 4080 prima
3095 4020 3221 4080 pars
3264 4017 3349 4064 est
3394 4010 3597 4065 erroris

2021 4106 2077 4156 et
2107 4099 2416 4169 impietatis,
2444 4098 2606 4169 quam
2636 4101 2867 4170 primum
2894 4094 3238 4166 condemnat,
3264 4106 3323 4154 ut
3348 4114 3470 4155 cum
3504 4115 3598 4154 ne—

2021 4200 2142 4248 cata
2176 4191 2292 4246 haec
2317 4189 2497 4255 fuerit,
2546 4188 2704 4247 facile
2730 4188 3072 4263 currig‘antui-
3118 4201 3171 4247 et
3201 4194 3411 4247 morum
3439 4190 3592 4256 vitia,

2022 4283 2233 4340 sublato
2260 4282 2403 4338 enim
2434 4282 2652 4339 malitiae
2680 4280 2906 4351 semine,
2950 4282 3199 4355 nequitia:
3246 4280 3453 4339 fructus
3478 4292 3597 4339 are—

2024 4376 2225 4431 scenti
2264 4389 2368 4430 non
2395 4374 2539 4430 enim
2570 4374 2663 4431 dat
2714 4370 2875 4430 arbor
2923 4372 3151 4451 fructus,
3196 4375 3353 4447 cujus
3403 4374 3598 4431 excisae

356 4467 569 4531 tradidit
597 4465 714 4520 illos
754 4465 892 4523 Deus
915 4467 970 4523 in
1010 4467 1282 4534 rapiebant
1301 4481 1531 4531 sensum,
1562 4464 1620 4521 sit
1641 4468 1838 4537 faciant
1858 4484 1921 4524 ea
1949 4516 1991 4538 λ,
2024 4474 2149 4522 sunt
2172 4466 2396 4521 radices.
2421 4458 2553 4521 Nam
2576 4465 2695 4522 ideo
2714 4474 2768 4523 et
2796 4464 3005 4538 Moyses
3032 4462 3276 4522 So‘domz'e
3297 4462 3353 4521 et
3370 4464 3597 4521 Gumor-

356 4516 596 4629 quem»
618 4559 958 4619 .conveniunt.
982 4516 1163 4628 (Δίς.)
1191 4556 1342 4624 Quod
1367 4516 1545 4613 autem
1566 4516 1744 4614 denuo
1766 4561 1918 4627 dicit,
1945 4516 1999 4598 δ
2024 4559 2136 4613 rhae
2161 4557 2309 4629 gesta
2361 4556 2677 4611 memoraiit
2734 4516 2902 4627 (Gen:
2945 4560 3082 4627 six),
3113 4555 3445 4611 exitiumque
3490 4570 3597 4610 non

360 4649 572 4713 tradidit
590 4646 709 4711 illos
733 4647 873 4705 Deus
892 4648 949 4702 in
977 4648 1245 4717 reprobatis
1273 4657 1663 4715 tuentemme,
1690 4652 1922 4719 repletos

360 4737 504 4817 omni
530 4738 834 4806 iniquitate.
862 4738 1017 4793 datur
1057 4738 1301 4809 intelligi,
1330 4738 1396 4793 ad
1424 4742 1723 4795 nocendum
1753 4745 1923 4811 perti-

364 4842 491 4899 nere
518 4845 533 4882 :
557 4827 659 4883 ista
679 4841 798 4901 qua
818 4841 965 4885 nunc
980 4827 1128 4893 dicit,
1160 4828 1212 4882 id
1237 4836 1338 4893 est,
1365 4828 1606 4885 facinora
1630 4848 1642 4883 :
1676 4832 1925 4901 superius

363 4928 543 4997 altth
565 4920 797 4986 dicebat,
820 4920 887 4974 de
911 4920 1251 4991 corruptelis,
1274 4936 1393 4990 quae
1414 4921 1614 4993 ﬂagitia
1642 4925 1928 4979 nominan-

365 5019 466 5089 tur,
523 5026 591 5067 ex
642 5010 838 5081 quihus
881 5011 948 5065 ad
998 5008 1235 5069 facinora
1283 5012 1613 5080 pervenitur,
1670 5016 1926 5084 quoniam

366 5104 605 5175 quisquis
625 5101 984 5172 perniciosam
1006 5099 1341 5163 dulcedinem
1356 5100 1682 5173 ﬂagitiorum
1699 5120 1931 5175 sequens

370 5193 848 5269 dumimpedientis
876 5206 1120 5263 personae
1147 5190 1341 5247 faciem
1379 5208 1657 5249 removere
1680 5200 1928 5260 conatur,

369 5282 536 5361 pergit
568 5283 624 5359 in
659 5283 883 5337 facinus.
916 5279 1009 5335 Sic
1032 5280 1316 5336 distinctus
1354 5292 1439 5336 est
1463 5281 1624 5335 etiam
1656 5281 1745 5337 ille
1779 5281 1930 5339 locus

371 5358 422 5427 in
445 5358 716 5441 Sapientia
737 5370 1040 5441 Salomonis
1066 5369 1215 5444 (Sep.
1240 5370 1327 5443 ιι).
1355 5372 1444 5427 ubi
1471 5386 1594 5427 cum
1619 5386 1930 5429 enumeras-

372 5473 448 5543 set
472 5452 747 5543 superiora
778 5461 1000 5533 ﬂagitia,
1033 5461 1084 5535 id
1111 5470 1217 5527 est,
1246 5464 1706 5517 eircumveniamus
1734 5480 1930 5534 paupe-

372 5536 472 5623 rem
510 5536 737 5625 justum,
762 5552 1008 5622 quoniam
1039 5551 1239 5607 inutilis
1274 5563 1349 5607 est
1381 5552 1548 5618 nobis,
1598 5561 1702 5610 etc.
1731 5553 1928 5622 (Δηώ.)

374 5644 591 5713 Propter
617 5657 858 5700 errorem
883 5641 1292 5705 simulacrorum
1313 5643 1494 5698 traditi
1521 5653 1645 5700 sunt
1661 5644 1727 5699 ad
1753 5647 1929 5715 turpis

375 5737 623 5813 facienda
647 5735 899 5805 invicem,
924 5734 1064 5792 sicut
1090 5734 1291 5791 dictum
1327 5743 1429 5802 est,
1459 5743 1515 5792 et
1547 5736 1673 5807 quia
1699 5736 1931 5808 impunia

2024 4648 2212 4713 tacuit,
2241 4654 2301 4701 ut
2334 4647 2580 4702 timorem
2623 4650 2845 4714 poneret
2878 4644 3034 4712 hujus
3074 4645 3150 4699 rei
3180 4644 3438 4708 vitandae;
3490 4659 3598 4698 non

2025 4752 2151 4809 ergo
2181 4739 2283 4793 hoc
2309 4738 2521 4802 vitium,
2549 4740 2604 4793 et
2641 4736 3026 4791 contaminalio
3062 4736 3426 4790 dehonestum
3475 4734 3599 4789 vitae

2027 4833 2094 4886 ab
2115 4832 2214 4887 hoc
2238 4828 2559 4895 admittitur,
2583 4831 2672 4899 qni
2697 4829 2748 4884 in
2766 4829 2945 4883 animo
2968 4829 3162 4899 cogitat
3183 4826 3372 4883 Deum.
3398 4820 3597 4899 (οι-ξς.)

2026 4923 2483 4981 Considerandum
2526 4937 2654 4993 ergo
2694 4926 2777 4977 est
2809 4918 2951 4991 quod
2993 4916 3152 4975 tertio
3187 4920 3488 4975 invenimus
3530 4918 3597 4973 ab

2028 5015 2285 5087 Apostolo
2307 5014 2556 5085 positum,
2589 5012 2805 5068 tradidit
2830 5012 2946 5068 illos
2982 5013 3142 5087 Deus,
3171 5008 3434 5081 etprima:
3480 5012 3600 5081 qui-

2031 5108 2150 5161 dem
2181 5105 2484 5161 traditionis
2509 5119 2700 5159 causas
2725 5102 2891 5169 dedit,
2921 5103 3047 5173 quia
3089 5118 3206 5155 cum
3254 5108 3597 5170 cognoverunt

2030 5196 2219 5259 Deum,
2247 5209 2350 5248 non
2384 5194 2517 5247 sicut
2556 5193 2721 5247 Deum
2761 5192 3244 5261 magniﬁcaverunt,
3274 5188 3364 5243 aut
3401 5186 3599 5260 gratias

2030 5294 2266 5357 egerunt,
2289 5292 2459 5354 usque
2481 5286 2527 5337 el
2560 5280 2892 5351 serpeniium.
2939 5277 3242 5349 Propterea,
3271 5276 3465 5349 inquit,
3486 5286 3569 5332 tra
3594 5304 3601 5321 ι

2033 5375 2165 5429 didit
2192 5372 2310 5427 illos
2332 5372 2497 5437 Deus,
2542 5382 2711 5441 usque
2731 5386 2949 5440 corpora
2977 5385 3093 5425 sua.
3148 5368 3407 5425 Secundaé
3435 5366 3600 5424 tradi—

2034 5465 2197 5520 tionis
2223 5468 2439 5517 causam
2495 5462 2706 5516 videtur
2747 5462 3092 5532 pmmittere,
3121 5472 3244 5515 cum
3287 5459 3438 5525 dicit,
3475 5460 3600 5529 quia

2034 5561 2480 5609 “inmutaverunt
2505 5562 2554 5607 et
2576 5554 2842 5606 teritatem
2866 5551 2964 5607 Dei
2983 5553 3036 5605 in
3058 5552 3408 5615 mendacium,
3429 5562 3599 5617 usque

2036 5644 2306 5711 Creatori;
2327 5651 2544 5714 propter
2568 5644 2671 5697 huc
2694 5645 2788 5709 ait,
2820 5643 3039 5697 tradidit
3057 5641 3176 5696 illos
3205 5641 3346 5694 Deus
3362 5678 3379 5703 ,
3403 5638 3459 5691 in
3479 5653 3600 5705 pas-

2034 5737 2205 5792 ⁸ί⁰²³⁸³
2232 5734 2548 5806 ίΰηοίπίκίο,
2594 5748 2714 5805 quae
2753 5741 2933 5791 tamen
2974 5731 3208 5789 secunda
3240 5726 3457 5782 traditio
3476 5740 3602 5799 gra-
