4056 6336
306 409 440 483 1309

871 399 1419 475 ΕΝΑιιιιΑτιοΝιιΜ
1458 411 1526 469 IN
1565 405 1711 469 Ere.
1751 395 1955 469 mn
1995 393 2122 470 uti;
2162 415 2202 468 ι.
2245 445 2315 454 -
2350 409 2420 467 IN
2458 397 2673 467 erts'r.
2716 401 2806 466 Ᾱι)
2842 407 3014 466 non.

3429 405 3578 464 1510‘

305 535 426 595 istis’
449 534 631 590 tri‘h'ns‘
652 527 984 604 cangregant
1026 527 1309 582 thesauros
1332 543 1347 591 ;
1381 534 1474 580 aut
1500 526 1644 580 enim
1689 525 1877 580 infide—
1904 517 1958 590 Α
1981 529 2034 596 v)
2057 546 2070 594 ;
2093 527 2204 596 jam
2238 523 2364 582 Vero
2386 528 2429 581 si
2457 527 2619 581 etiam
2650 521 2801 580 extra
2825 513 3022 595 corpus
3050 517 3234 593 positi,
3259 523 3343 577 vel
3369 521 3564 592 Sancti,

303 638 369 691 lis
396 645 476 689 est
506 634 646 703 quis,
675 641 727 686 et
762 623 978 698 iniquus
1007 635 1062 681 et
1081 640 1180 694 per
1219 623 1472 677 duritiam
1506 621 1685 675 cordis
1706 629 1761 674 et
1785 634 1881 673 cor

304 719 647 798 imptenitens
685 712 736 777 in
784 717 1066 774 thesauros
1117 717 1211 770 irze
1241 723 1392 768 actus
1421 709 1548 767 suos
1597 711 1877 777 recondit;

304 821 396 872 aut
449 805 695 869 tet-remis
724 819 824 871 est,
859 805 912 862 et
959 805 1199 860 de'terra
1238 803 1395 872 sapit,
1431 817 1493 855 ac
1518 789 1584 856 de
1626 797 1766 854 terra
1807 799 1883 854 lo-

303 910 503 980 quitur,
537 913 589 960 et
612 911 731 959 cum
788 895 836 955 ci
875 897 1118 954 attulerit
1148 913 1276 967 ager
1301 893 1509 948 fructus
1538 893 1750 955 uberes,
1785 892 1880 945 dc-

303 999 461 1057 struit
490 999 684 1052 horrea
717 1010 831 1057 sua,
875 1003 930 1045 et
983 981 1186 1058 majora
1228 985 1480 1050 :editicat,
1512 995 1565 1039 et
1616 983 1884 1039 thesauri-

305 1101 391 1147 zat
428 1093 478 1146 in
520 1085 682 1154 terra,
724 1091 777 1140 et
816 1077 902 1139 ille
929 1083 1145 1153 quidem
1199 1082 1387 1145 durus,
1424 1077 1510 1134 hic
1539 1087 1716 1132 autem
1754 1076 1885 1132 stul-

306 1191 389 1236 tus
441 1169 762 1249 appellatur,
814 1175 1013 1228 dicitur
1052 1169 1195 1227 enini
1248 1171 1313 1224 ad
1361 1185 1482 1224 eum
1517 1188 1528 1223 :
1564 1168 1754 1232 Stulte,
1785 1157 1884 1221 hac

305 1281 450 1329 necte
495 1280 717 1342 repetent
749 1269 839 1322 abs
885 1271 932 1321 te
955 1268 1186 1321 animam
1231 1273 1396 1329 tuam,
1442 1273 1486 1316 et
1513 1279 1630 1333 qtur
1660 1261 1882 1331 parasti,
1918 1299 1920 1302 τ

303 1369 452 1438 cujus
476 1363 626 1421 erunt
655 1363 678 1418 ?
705 1361 855 1435 (Luc.
881 1361 1001 1431 xu.)
1028 1361 1131 1414 Aut
1164 1359 1207 1412 si
1242 1359 1456 1426 sapiens
1487 1364 1590 1420 est,
1633 1355 1685 1408 in
1716 1353 1884 1409 Deum

301 1459 480 1521 dives,
516 1458 569 1511 in
613 1453 769 1509 terris
813 1452 1113 1514 ambulans,
1146 1448 1612 1504 conversationem
1641 1446 1800 1500 habet
1832 1445 1885 1498 in

303 1551 485 1613 caelis,
520 1561 681 1617 atque
707 1546 887 1601 omnia
916 1561 1034 1614 quae
1066 1545 1176 1614 agit
1201 1543 1357 1612 digna
1396 1549 1519 1595 sunt
1543 1555 1708 1610 regno
1730 1538 1887 1592 coelo-

304 1659 440 1700 rum,
473 1639 526 1695 et
557 1635 656 1693 iste
687 1638 806 1692 talis
845 1635 1152 1692 divitiarum
1184 1649 1402 1688 suarum
1443 1627 1727 1685 thesauros
1753 1645 1886 1683 con-

303 1734 379 1787 dit
403 1733 453 1785 in
486 1727 658 1785 caelis.
697 1726 924 1800 (Ληιὺν.)
975 1726 1098 1779 Dies
1127 1725 1220 1778 ira:
1248 1731 1330 1775 est
1355 1717 1749 1792 peccatoribus,
1779 1733 1886 1788 quo

1983 609 2227 688 quicum
2275 618 2490 673 Christo
2529 619 2674 683 Qut,
2728 621 2894 686 agunt
2942 605 3166 685 aliquid,
3217 608 3270 669 et
3321 615 3571 672 laborant

1983 727 2081 782 pro
2108 712 2282 770 nobis.
2336 709 2402 764 ad
2433 709 2842 764 similitudinem
2869 707 3206 778 angelorum,
3241 707 3332 776 qui
3381 703 3572 762 salutis

1985 811 2186 857 nostrae
2214 797 2513 856 ministeria
2545 808 2861 872 procurant,
2900 799 2986 853 Vel
3017 791 3231 853 rursum
3259 809 3571 868 peccatores

1985 894 2146 950 etiam
2173 894 2274 964 ipsi
2307 902 2459 948 extra
2491 910 2689 963 corpus
2736 892 2897 964 positi
2929 893 3094 962 agunt
3141 891 3344 961 aliquid
3370 907 3569 946 secun-

1986 983 2110 1043 dum
2141 976 2476 1056 preposittnn
2528 973 2725 1038 meritis
2755 983 2884 1046 suae,
2927 985 2992 1037 ad
3021 977 3334 1054 angelorum
3375 982 3570 1036 nihilo-

1986 1071 2165 1158 minus
2197 1075 2602 1133 sin'tilitudinent
2651 1057 3011 1149 sinistrorttm,
3054 1091 3175 1127 cum
3206 1069 3401 1143 quibus
3433 1080 3486 1126 et
3517 1073 3570 1126 in

1985 1182 2245 1248 retentum
2277 1165 2453 1241 ignem
2485 1168 2726 1222 mittendi
2760 1159 3010 1221 dicuntur
3037 1183 3065 1219 a
3093 1158 3331 1229 Christo,
3363 1166 3570 1220 habeaé

1987 1259 2074 1320 tiir
2101 1265 2201 1319 hoc
2229 1280 2442 1333 quoque
2466 1263 2606 1315 inter
2631 1249 2836 1313 occulta
2867 1251 2983 1324 Dei,
3010 1275 3109 1312 nec
3141 1257 3396 1312 chartulre
3421 1274 3571 1312 com-

1987 1345 2233 1411 mittendi
2265 1354 2518 1424 mysteria
2557 1351 2828 1405 sutlicinnt
2862 1351 2960 1404 ista
3001 1349 3066 1402 de
3115 1349 3199 1403 die
3227 1349 3317 1402 ira‘.
3341 1359 3394 1403 et
3421 1365 3576 1404 reve-

1987 1445 2222 1526 lationis.
2271 1437 2628 1516 lieqniramus
2658 1445 2721 1498 de
2768 1437 2915 1512 justo
2961 1441 3164 1512 judicio
3222 1441 3338 1503 Dei,
3382 1441 3433 1494 in
3465 1456 3574 1510 quo

1987 1536 2161 1598 reddit
2215 1539 2504 1608 unicuique
2552 1536 2845 1591 secundum
2896 1549 3060 1604 opera
3115 1548 3232 1597 sua,
3287 1539 3343 1586 et
3394 1532 3570 1602 primo

1987 1629 2204 1708 quidem
2239 1631 2598 1685 excluduntur
2629 1613 2891 1689 haeretici,
2939 1625 3028 1694 qui
3059 1619 3240 1677 dicunt
3273 1623 3457 1687 bonas,
3491 1622 3573 1676 vel

1987 1727 2156 1782 malas
2185 1726 2479 1778 animarum
2515 1731 2757 1786 naturas,
2809 1730 2861 1774 et
2892 1719 3147 1784 audiant;
3182 1705 3306 1788 quia
3338 1709 3441 1773 non
3470 1734 3567 1789 pro

304 1817 612 1895 punieittur,
656 1813 772 1873 ideo
806 1811 934 1890 ipsis
969 1828 1049 1871 est
1096 1818 1171 1870 ira
1201 1831 1213 1879 ;
1249 1815 1372 1884 quia
1401 1813 1640 1867 sentiunt
1670 1823 1886 1880 poenam

2000 1829 2176 1873 natura
2209 1812 2498 1883 unicuique
2528 1811 2714 1895 Deus“
2751 1811 2844 1864 sed
2898 1825 2993 1880 pro
3024 1807 3276 1878 operibus
3304 1807 3415 1862 suis
3447 1807 3566 1861 red—

303 1917 357 1969 in
383 1913 468 1969 die
499 1907 843 1967 revelatiouis
868 1897 997 1978 justi
1017 1897 1206 1997 judiCii
1235 1901 1353 1968 Dei,
1373 1903 1696 1960 revelabitur
1721 1903 1883 1966 enim,
1917 1887 1966 1958 Β
1993 1912 2089 1976 ait,
2118 1903 2349 1966 secundo
2403 1909 2453 1962 in
2488 1903 2604 1962 loco
2638 1879 2977 1962 aediﬁcantur
3026 1893 3228 1970 ﬁdeles,
3264 1920 3330 1957 ne
3359 1893 3566 1972 putent,

303 2005 355 2094 id
415 2020 514 2074 est,
557 2005 899 2094 agut'istzelur.
941 2005 1081 2073 quod
1147 2003 1305 2056 1110άο
1355 1999 1594 2054 Γυιιὶιίῐῐη
1637 2006 1884 2067 ιὶοῧὶιῑυνν
1991 2001 2090 2056 sibi
2123 2009 2302 2074 autem
2337 1999 2507 2053 solum
2537 1991 2782 2054 sullicere
2819 2014 2978 2072 posse
3010 1996 3147 2066 quod
3181 1995 3436 2058 credunt,
3483 1992 3577 2048 sed

303 2091 530 2172 ἰάθοίιιιο
586 2099 707 2155 cum
757 2097 1080 2162 οδίθιιάῖιίιΐ,
1116 2087 1256 2165 (μίοδ
1297 2111 1400 2147 “0"
1456 2095 1576 2147 €550
1625 2089 1886 2154 οΓοίῘῙῐυΓ,
1989 2081 2167 2150 sciant
2209 2077 2701 2175 justumjudicium
2750 2073 2865 2160 Dei,
2900 2087 3122 2142 reddere
3165 2079 3452 2162 unicuique
3483 2101 3571 2140 se-

303 2193 606 2257 revelatur;
631 2190 715 2245 his
737 2179 879 2244 enini
904 2181 1208 2242 ostenditur
1246 2187 1335 2255 qui
1369 2183 1584 2256 negant;
1613 2181 1736 2252 quia
1769 2197 1887 2236 cre—

303 2281 554 2338 dentibus
606 2275 946 2335 niaitifcstum
977 2269 1080 2344 est,
1121 2285 1177 2330 ut
1207 2273 1567 2331 conﬁteantur
1614 2277 1776 2329 etiam
1809 2274 1890 2327 in-

303 2371 396 2431 viti
424 2363 628 2444 justum
653 2367 915 2442 judicinni
947 2371 1062 2436 Dei,
1090 2359 1212 2425 cuin
1260 2369 1551 2437 unicuique
1582 2365 1770 2421 reddet
1801 2381 1889 2419 se-

301 2460 534 2544 cundum
586 2455 746 2544 opera
781 2457 896 2521 sua.
951 2455 1202 2534 Nunquid
1255 2463 1397 2518 enim
1434 2463 1540 2515 neu
1591 2459 1704 2515 hzec
1753 2459 1892 2514 fate-

300 2549 664 2630 btlntnrjuste
698 2541 989 2645 tiepihcuni
1021 2547 1259 2634 viderint
1298 2547 1458 2630 mala,
1493 2541 1724 2608 invicem
1752 2554 1892 2607 facta

302 2651 528 2735 ulcisci?
549 2651 742 2724 (Oi-ig.)
763 2633 1053 2741 Evid'enter
1069 2633 1211 2703 enim
1233 2648 1283 2702 in
1304 2639 1586 2702 Sententiis
1605 2643 1892 2718 propheta-

299 2727 963 2826 rumdiesit'te,lvindict:.e
977 2727 1091 2796 dies
1118 2743 1170 2794 et
1195 2741 1381 2811 judicii
1403 2727 1736 2809 designatur.
1767 2727 1891 2792 [nde

301 2824 540 2902 dcuique
567 2819 633 2886 ad
661 2815 801 2914 diem
835 2819 927 2914 ira:
956 2823 1104 2886 addit
1128 2815 1437 2902 Apostolus,
1463 2841 1508 2884 et
1542 2829 1892 2895 reuelationis,

301 2924 382 3000 sic
402 2913 546 2976 enim
573 2923 721 2988 dicit,
740 2923 792 2975 in
819 2905 1008 2975 dicit-tv
1025 2933 1070 3000 et
1089 2911 1750 3000 revelationisjustijudicii
1776 2919 1890 2973 Dei.

302 3001 619 3100 Revelanda
647 3004 879 3100 namque
907 2987 1086 3067 Omnia
1116 3029 1236 3067 esse
1284 3005 1444 3067 etiam
1496 3011 1551 3066 in
1603 2985 1894 3082 liv'angelio

299 3093 639 3185 designatur,
673 3097 795 3160 cum
845 3087 1083 3160 dicitur:
1123 3091 1273 3158 Nihil
1308 3104 1592 3170 occultum,
1626 3094 1764 3175 quod
1791 3121 1893 3156 non

298 3193 769 3267 manifestabilur;
799 3215 889 3250 nec
919 3189 1173 3265 apertum,
1233 3193 1370 3264 quod
1420 3189 1521 3247 non
1577 3189 1892 3247 revelabitur

1992 2171 2227 2264 cundum
2255 2201 2416 2255 Opera
2458 2171 2572 2238 sua.
2610 2171 2946 2238 \l’idebttntitr
2977 2171 3316 2248 nequaquam
3345 2177 3446 2248 pro
3471 2177 3574 2230 hoc

1993 2261 2240 2334 sermone
2269 2265 2479 2330 exeludi
2508 2263 2666 2344 posse
2698 2271 2951 2342 gentiles,
2988 2255 3033 2324 si
3065 2257 3200 2323 torui
3229 2261 3284 2322 et
3323 2267 3417 2337 ipsi
3453 2263 3578 2319 boni

1994 2351 2193 2438 aliquid
2227 2377 2517 2438 operentur
2537 2374 2591 2419 et
2630 2361 2966 2418 emendatius
2998 2359 3178 2430 agant;
3208 2358 3301 2413 sed
3332 2357 3387 2410 et
3408 2354 3574 2419 aliud,

1993 2457 2219 2534 quodet
2262 2459 2312 2514 in
2345 2449 2629 2513 Ezechiele
2679 2455 2938 2524 scriptum
2986 2442 3086 2514 est,
3133 2444 3260 2504 huic
3293 2445 3575 2503 sententia:

1993 2549 2207 2608 videtur
2243 2550 2515 2605 adversari
2547 2569 2559 2603 :
2607 2547 2738 2603 dicit
2767 2547 2910 2600 enim
2943 2562 2956 2598 :
2988 2533 3118 2597 Cant
3145 2533 3384 2596 avetterit
3416 2554 3469 2592 se
3485 2534 3581 2607 ju-

1992 2637 2100 2700 stus
2130 2645 2159 2697 it
2182 2631 2394 2715 iustitia
2446 2637 2565 2705 sua,
2597 2649 2645 2693 et
2698 2637 2877 2706 fecerit
2921 2619 3249 2700 iniquitatem
3294 2626 3579 2683 Secundum

1993 2727 2166 2789 manes
2190 2734 2508 2803 iniquitates,
2532 2748 2659 2801 quas
2704 2721 2822 2799 fecit
2867 2716 3100 2796 iniquus,
3150 2739 3325 2775 omnes
3347 2717 3576 2792 justitia:

1993 2827 2126 2897 ejus,
2160 2825 2289 2894 quas
2317 2823 2454 2892 fecit,
2490 2839 2590 2875 non
2620 2808 3162 2874 commemorabmtliti'
3198 2808 3250 2866 iri
3279 2809 3430 2881 lapsu
3458 2810 3574 2882 ejus

1993 2937 2093 2990 quo
2117 2905 2293 2988 lapsus
2319 2899 2417 2981 est,
2444 2913 2531 2969 sed
2578 2913 2632 2966 in
2681 2912 2904 2982 peccatis
2947 2905 3077 2972 suis;
3130 2903 3219 2977 qui
3247 2900 3493 2975 peccavit,
3527 2901 3579 2953 in

1994 3009 2121 3082 ipsis
2175 2999 2423 3062 niorietur
2457 3005 2671 3082 (Ezech.
2713 3002 2890 3073 XVIII).
2922 2985 3110 3055 Dicent
3139 2995 3281 3052 enim
3309 2992 3322 3049 ἑ
3353 2987 3410 3049 Si
3445 2977 3581 3046 nihil

1997 3077 2063 3158 es
2113 3083 2323 3170 justitia
2375 3077 2526 3168 justi,
2581 3113 2703 3151 cum
2740 3091 2923 3164 lapsus
2982 3077 3142 3146 fuerit
3171 3079 3577 3146 nicnidi‘ahitur,

1977 3183 2267 3264 gqnomodo
2299 3189 2586 3258 unicuique
2647 3187 2834 3242 reddet
2884 3175 3024 3238 Deus
3087 3173 3379 3236 set-ntidum
3418 3190 3583 3247 opera

302 3289 524 3368 (Matth.
556 3285 626 3361 it).
655 3281 979 3368 licquiretur
1002 3295 1131 3344 Sane
1151 3304 1179 3342 a
1202 3289 1520 3359 quibusdam
1541 3303 1636 3342 cur
1653 3285 1888 3351 dieshic,
1921 3259 1966 3325 Ο
1999 3285 2130 3341 sua?
2160 3284 2264 3338 Sed
2294 3283 2588 3343 videamus,
2620 3294 2685 3333 ne
2714 3267 2850 3332 forte
2880 3263 3268 3331 absolutionem
3305 3267 3386 3325 sui
3414 3267 3464 3322 in
3497 3282 3580 3321 sc-

303 3385 369 3440 de
400 3399 507 3451 quo
534 3371 785 3452 superius
816 3377 1180 3458 bibliothecas
1211 3378 1552 3450 propheticus
1604 3371 1894 3442 movimus,

305 3465 976 3560 inﬂuemundi‘statutus
1027 3457 1114 3542 sit,
1168 3463 1228 3528 ut
1278 3465 1489 3554 onities,
1522 3451 1613 3541 qui
1644 3463 1712 3526 ab
1743 3465 1898 3526 initio

305 3571 492 3650 saecuh
524 3555 774 3658 usqnejn
801 3551 963 3650 tinem
996 3551 1166 3638 ipsius
1195 3549 1435 3620 defuncti
1477 3549 1629 3644 sunt,
1662 3557 1728 3615 ad
1757 3557 1899 3616 hunc

311 3657 563 3720 ultimum
613 3651 754 3740 diem
797 3660 1074 3742 judicandi
1110 3659 1494 3734 reserventur?
1524 3654 1686 3724 Cujus
1720 3651 1793 3708 rei
1825 3654 1903 3706 in-

313 3740 542 3834 teriores
575 3769 786 3834 causas
832 3731 1043 3828 eertum
1070 3733 1168 3828 est
1213 3731 1596 3803 secretioribus
1626 3731 1902 3817 mysteriis

315 3846 532 3926 contegi
565 3865 578 3900 ;
615 3825 927 3922 illysteriunt
963 3860 1079 3898 vero
1108 3825 1241 3912 regis
1270 3840 1583 3920 abscondere
1617 3827 1805 3892 bonum
1828 3847 1901 3892 est

506 3940 604 4011 xu)
628 3955 646 4016 ;'
690 3945 867 4016 tamen
927 3915 1323 4013 explanationis
1353 3915 1525 4008 gratia
1556 3917 1820 3996 dicemus,
1848 3929 1901 3982 in

313 4039 589 4109 quantum.
637 4005 889 4108 possibile
946 4035 1029 4079 est
1077 4005 1286 4094 paginis
1321 4005 1488 4094 [verba
1543 4007 1901 4092 committere.

317 4123 470 4178 Multi
513 4133 640 4198 sunt
661 4120 754 4198 qui
806 4134 871 4174 ex
917 4119 1020 4198 hac
1057 4117 1162 4170 vita
1196 4099 1456 4169 abeuntes
1487 4095 1569 4168 vel
1617 4095 1902 4176 bonornin,

318 4214 406 4270 vel
439 4213 698 4288 malorum
725 4195 844 4286 post
871 4226 928 4265 se
972 4191 1215 4290 quietiam
1268 4205 1473 4261 semina
1528 4203 1900 4288 reliquerunt;

322 4321 386 4361 ex
419 4297 636 4378 quibus,
675 4302 767 4374 qui
803 4283 1114 4376 “supersunt
1166 4279 1428 4380 homines,
1483 4279 1798 4376 occasiones
1822 4289 1906 4347 vel

2000 3377 2116 3450 ipso
2169 3391 2347 3430 sermo
2379 3369 2621 3450 divinus
2648 3367 2903 3424 inveniat.
2952 3363 3006 3421 Si
3062 3354 3410 3419 observemus
3448 3355 3588 3429 quo-

1998 3461 2157 3522 modo
2187 3464 2446 3533 scriptum
2477 3451 2558 3516 est
2613 3445 2754 3530 quod
2791 3449 2922 3512 dicit
2952 3476 2962 3510 :
2995 3457 3124 3509 Cum
3166 3469 3377 3507 aversus
3422 3447 3582 3522 fuerit

1993 3547 2169 3626 jquus
2196 3574 2224 3607 (ι
2244 3548 2454 3622 justitia
2495 3541 2612 3613 sua,
2643 3549 2696 3602 et
2723 3543 2826 3601 non
2859 3533 3146 3609 sdiiiCm‘et,
3179 3539 3299 3598 eum
3325 3539 3535 3596 diceret
3565 3551 3582 3590 :

2002 3631 2133 3700 cum
2160 3641 2368 3698 aversus
2397 3635 2553 3711 fuerit
2586 3631 2841 3708 ajuﬂitia
2867 3631 2983 3698 sua,
3015 3635 3107 3689 sed
3133 3621 3353 3695 addidit,
3383 3639 3430 3684 et
3453 3628 3585 3697 fece-

2004 3741 2069 3792 rit
2109 3729 2309 3791 oinucm
2346 3725 2694 3803 iniquitatem,
2732 3717 3015 3782 secundani
3064 3709 3240 3779 omucs
3285 3711 3586 3791 iniquitates

2002 3826 2131 3908 quas
2156 3833 2274 3902 fecit
2304 3829 2533 3898 iniquus,
2567 3827 2619 3902 in
2641 3843 2752 3904 [quo
2781 3807 2993 3908 videtur
3023 3807 3253 3871 latenter
3281 3805 3588 3896 hujus'mlodi

2006 3919 2297 3983 inseruisse
2322 3909 2670 3983 intellectum,
2703 3923 2760 3972 ut
2787 3907 2829 3970 si
2859 3897 2994 3967 forte
3015 3907 3117 3964 iion
3152 3893 3445 3962 secundum
3470 3915 3586 3954 om-

2006 4036 2101 4075 nes
2161 3997 2497 4086 iniquitates,
2557 4013 2688 4082 quas
2748 3997 2873 4064 fecit
2902 3999 3139 4082 iiiiqu'tis,
3172 3997 3359 4054 fecerit
3384 3989 3586 4066 justus,

2007 4128 2111 4167 non
2141 4101 2328 4164 emnes
2355 4091 2579 4176 justitite'
2625 4103 2740 4172 ejus
2769 4101 2834 4157 de
2866 4085 3123 4153 memoria
3153 4082 3508 4153 auferantur;
3540 4082 3586 4140 si

2007 4185 2136 4258 vero
2187 4183 2375 4254 omnes
2420 4183 2728 4266 iniquitates
2764 4187 2956 4246 fecerit
2996 4183 3141 4266 quas
3194 4170 3429 4254 iniquus,
3461 4173 3588 4232 tunc

2009 4277 2224 4347 demunt
2256 4273 2442 4343 omnes
2487 4275 2710 4357 justithe
2753 4269 2804 4337 in
2857 4255 3008 4348 lapsd
3062 4277 3176 4346 ejus
3215 4267 3279 4329 de
3328 4266 3588 4327 memoria

323 4399 536 4472 salutis,
563 4396 646 4450 vel
685 4373 1333 4469 perditionis,accipiunt,
1366 4388 1515 4442 verbi
1541 4367 1710 4458 gratia
1752 4385 1904 4439 dixe-
2011 4371 2422 4440 subtrahmilur.
2466 4367 2589 4435 ilice
2612 4375 2859 4449 quamvis
2889 4359 3238 4428 occultaverit
3263 4365 3314 4421 iri
3348 4363 3592 4433 Scriptu—

1154 4465 1160 4472 .
1267 4463 1288 4470 ι.
1805 4467 1811 4472 ,
2015 4459 2050 4466 -·
2217 4463 2249 4470 ..
2902 4459 2964 4472 ,ν
3057 4448 3081 4472 ΙΙ
3131 4465 3142 4472 .
3196 4451 3246 4472 Α.
3290 4459 3343 4472 .-ο
3442 4457 3496 4472 I,
3552 4455 3563 4466 ο

325 4489 451 4562 rint,
480 4497 538 4562 ut
567 4496 706 4560 sunt
745 4499 950 4547 omnes,
981 4478 1071 4551 qui
1119 4465 1310 4549 p'ravas
1345 4487 1520 4532 sectas
1565 4486 1614 4532 ct
1649 4467 1849 4530 alienas
1879 4490 1898 4526 ι]

2013 4459 2346 4562 ris‘Spiritus
2382 4483 2599 4529 sanctus
2652 4479 2871 4552 propter
2902 4459 3010 4552 hos
3055 4448 3410 4562 iiuiﬁlivitias
3441 4455 3594 4550 boni-

326 4559 440 4634 Deo
472 4557 630 4654 inter.
663 4555 1010 4652 philosophos
1057 4555 1436 4648 condiderunt,
1466 4567 1551 4638 vel
1579 4568 1668 4638 qui
1699 4556 1898 4652 magica

2018 4551 2140 4624 tatis
2194 4553 2248 4623 ct
2271 4551 2546 4648 patientia:
2575 4543 3109 4640 ejuslcontemntint,
3143 4537 3247 4642 litin
3277 4543 3466 4632 tamen
3499 4543 3592 4614 pe-

327 4670 636 4744 saerilegia,
666 4676 758 4720 aut
778 4666 1095 4744 quierrores
1122 4670 1410 4724 astrorum,
1430 4655 1711 4712 etdecreta
1737 4653 1904 4709 finxe-

331 4745 499 4834 runt;
529 4751 612 4815 vel
639 4768 807 4823 certe,
849 4739 939 4830 qui
964 4755 1102 4825 apud
1126 4769 1222 4806 nos
1245 4737 1494 4807 auctores
1525 4745 1898 4802 haereticorum

331 4868 388 4915 et
413 4870 701 4934 pravorum
750 4853 1055 4930 dogmatum
1093 4847 1244 4912 libris
1289 4844 1448 4899 editis
1493 4842 1774 4905 exstitere,
1827 4838 1908 4892 vel

334 4953 496 5010 etiam
545 4927 638 5019 qui
687 4927 980 5022 schismata
1035 4941 1087 4994 in
1128 4927 1401 5000 Ecclesiis,
1455 4943 1509 4989 et
1565 4927 1817 4987 scandala
1847 4945 1952 4982 ac-

335 5046 702 5112 dissensiones
732 5037 940 5112 operati
972 5042 1129 5098 sunt;
1162 5049 1192 5088 e
1221 5029 1492 5085 contrario
1539 5041 1669 5080 vero
1695 5034 1910 5094 aposto-

336 5120 564 5195 licarum
616 5136 920 5190 litterarum
976 5142 1110 5198 OpllS
1193 5121 1570 5199 profectusque
1647 5132 1741 5184 per
1806 5113 1907 5166 has

339 5209 604 5300 universae,
656 5207 930 5298 Eoi-.lesi'w,
982 5227 1037 5296 et
1079 5213 1360 5272 conversio
1408 5209 1474 5264 ad
1515 5208 1706 5271 Deum,
1752 5205 1913 5273 atque.

341 5320 644 5392 emendatio
671 5319 836 5372 totius
865 5311 1047 5368 mundi
1072 5295 1173 5371 est;
1206 5319 1432 5382 quorum
1463 5300 1703 5356 omnium
1739 5312 1912 5350 cause

343 5389 556 5465 nonnisi
588 5423 708 5462 cum
761 5389 926 5474 ipsius
975 5387 1294 5474 ntundiﬁne
1317 5393 1658 5474 claudentur,
1689 5397 1742 5441 et
1794 5387 1916 5441 ideo

345 5514 453 5555 non
481 5481 625 5554 esset
646 5477 850 5566 justum
876 5475 1133 5560 judicium
1153 5471 1286 5566 Dei,
1334 5467 1506 5536 donec
1535 5478 1600 5534 de
1627 5479 1709 5531 his
1736 5477 1918 5544 singu-

340 5591 414 5650 lis
437 5591 528 5662 ,γει
555 5561 850 5664 pre-tectus,
874 5584 957 5640 vel
991 5561 1372 5662 impedimenta
1413 5577 1723 5660 penderent.
1765 5573 1916 5638 Quod

348 5691 403 5738 et
424 5661 713 5751 Apostolus
737 5676 1041 5747 signiﬁcare
1065 5659 1297 5736 videtur,
1340 5686 1464 5725 cum
1495 5667 1641 5732 dicit,
1671 5681 1920 5736 quarunt-

351 5771 473 5842 dam
518 5770 1026 5846 hominuntpeccata
1071 5763 1350 5830 manifesta
1397 5769 1537 5824 sunt,
1578 5755 1920 5846 pra'cedelntia

359 5839 424 5928 ad
443 5839 741 5940 judicium,
786 5837 1039 5931 quosdam
1077 5829 1250 5910 autem
1302 5833 1757 5927 subaeqituuturU
1786 5829 1918 5902 Tim.

2013 4663 2158 4716 nitus
2179 4637 2418 4721 abstulit,
2447 4655 2569 4724 quia
2605 4629 2660 4704 et
2693 4633 2974 4704 thesaurus
3002 4646 3054 4699 in
3083 4629 3211 4714 agro
3242 4629 3590 4724 absconditus

2013 4743 2230 4825 '(Matm.
2265 4747 2383 4818 xm)
2423 4762 2528 4801 non
2557 4739 2769 4814 quidem
2812 4742 2878 4795 ab
2928 4727 3178 4794 omnibus
3209 4717 3496 4790 invenitur,
3528 4741 3595 4779 ne

2014 4843 2170 4897 facile
2197 4839 2498 4909 diripiatur,
2526 4844 2578 4888 et
2627 4845 2850 4909 pereat;
2886 4819 3158 4906 invenitur
3190 4831 3369 4877 tamen
3405 4833 3433 4873 a
3466 4834 3594 4888 pru-

2013 4925 2284 4994 dentibus,
2317 4925 2406 4999 ιιιιί
2447 4913 2652 4997 possint
2698 4907 2798 4987 ii'e,
2855 4928 2911 4994 et.
2955 4905 3185 4973 vendere
3238 4905 3417 4966 omnia
3449 4910 3590 4976 quae

2013 5023 2233 5084 habent,
2265 5027 2316 5072 et
2346 5033 2526 5071 emere
2552 5030 2736 5086 agrum
2770 5009 2938 5066 illum.
2993 4997 3193 5080 (Gr-eg.)
3235 4993 3384 5055 illum
3417 5000 3471 5054 in
3499 5013 3595 5051 ex-

2019 5123 2193 5167 tremo
2223 5107 2467 5164 examine
2491 5103 2698 5174 justitia
2731 5099 2912 5156 :eterni
2957 5085 3153 5167 judicis
3191 5084 3382 5156 salvat,
3433 5102 3592 5159 quem

2017 5185 2106 5261 hic
2131 5201 2245 5271 ejus
2293 5200 2466 5271 pietas
2522 5198 2588 5250 ah
2622 5191 2909 5249 itmnundis
2946 5175 3194 5258 operibus
3247 5175 3439 5238 liberat
3467 5196 3482 5245 ;
3515 5177 3593 5233 sin

2019 5313 2146 5351 vero
2176 5283 2238 5347 ad
2270 5275 2371 5346 hoc
2405 5283 2598 5343 salvari
2649 5285 2878 5356 quisque
2933 5282 3020 5335 hic
3048 5273 3306 5356 tbunditia
3339 5284 3594 5327 manuum

2023 5383 2240 5441 suarum
2269 5373 2524 5440 creditur,
2559 5384 2616 5430 ut
2646 5355 2756 5427 suis
2791 5361 2997 5424 viribus
3047 5355 3305 5421 innocens
3331 5357 3440 5427 fiat,
3472 5373 3598 5429 pro-

2024 5465 2109 5531 cul
2161 5472 2322 5527 dubio
2373 5453 2540 5533 errat,
2571 5454 2694 5535 quia
2726 5461 2771 5517 si
2819 5455 3046 5530 Superna
3097 5448 3267 5528 gratia
3315 5458 3596 5508 nocentem

2025 5559 2130 5621 non
2182 5553 2463 5634 praevenit,
2518 5559 2790 5626 nunquam
2837 5549 3076 5622 profecto
3131 5541 3384 5609 inveniet,
3433 5543 3593 5611 quem

2025 5641 2332 5714 renumeret
2356 5639 2710 5707 innocentem.
2748 5643 2894 5700 Unde
2925 5631 2976 5697 ‘et
3004 5633 3234 5696 veridica
3254 5633 3446 5705 Moysis
3469 5631 3598 5714 voc'e

2027 5713 2224 5805 dicitur
2247 5763 2258 5799 :
2294 5742 2587 5820 ullusque
2611 5723 2748 5820 apud
2777 5731 2822 5790 te
2849 5731 2938 5820 per
2957 5749 3010 5820 se
3032 5715 3273 5820 innocens
3297 5736 3367 5820 est

2004 5823 2236 5912 'xxxiv).
2269 5809 2513 5908 Sitperna
2541 5809 2668 5904 ergo
2692 5815 2865 5903 pietas
2892 5815 3042 5900 prius
3087 5813 3194 5896 agit
3242 5817 3295 5873 iii
3321 5812 3475 5872 tiobiit
3500 5809 3598 5872 tili-
