4056 6336
428 402 435 431 ;
460 372 598 439 (ΜΒ

1087 379 1151 438 Β.
1177 376 1446 437 ιΕΑΒΔΝΙ
1483 375 1700 436 MAURI
1738 374 2028 433 ARCHIEP

2126 319 2409 430 [OGU.NTJ
2443 368 2727 429 OPERUM
2762 368 2941 430 PARS
2958 373 3061 429 ill.

3563 372 3717 438 ΐὸίσ

453 499 543 553 illa
573 486 906 563 sanctorum,
952 498 1048 554 sed
1076 496 1415 551 latitudinem
1462 495 1659 556 habet;
1693 492 1922 560 detinue
1949 488 2108 549 sicA
2135 495 2367 553 remyet
2410 484 2871 555 incorruptionem
2924 487 3307 556 quaerentibus,
3346 488 3458 543 vita
3494 488 3721 547 ‘aeterna

455 593 586 649 dicit
605 588 785 663 justus
811 611 823 646 :
853 591 921 647 In
968 590 1305 647 tribulatione
1353 588 1589 642 dilatasti
1618 602 1697 639 me
1722 582 1899 656 (Paul.
1930 581 2031 652 ιν).

450 682 517 738 In
540 684 645 738 hac
676 698 804 755 ergo
836 666 1147 739 sanctorum
1174 682 1356 737 cordis
1395 679 1676 733 latitudine
1727 693 1831 731 non
1859 675 2032 731 solum

428 775 680 842 -|tabitat,
720 777 815 831 sed
854 758 1152 831 inambulat
1193 773 1354 828 Deus.
1416 771 1474 826 lu
1516 779 1858 841 peccatorum
1907 782 2035 824 vero

450 865 725 930 cordibus,
764 865 856 920 ubi
903 850 1161 935 angustiae
1200 862 1357 927 sunt,
1405 845 1533 931 quia
1572 860 1755 915 locum
1772 856 2035 933 dederunt

450 957 669 1012 diabolo
708 956 1066 1027 ingrediendi,
1094 954 1395 1026 ingreditur
1429 952 1668 1022 quidem,
1699 950 1793 1006 sed
1839 965 1946 1005 non
1975 956 2034 1003 ut

450 1051 683 1117 habitet,
734 1066 908 1120 neque
931 1046 1326 1111 utittamboiet,
1374 1045 1635 1116 angustiae
1693 1038 1836 1121 enim
1885 1036 2030 1108 sunt,

450 1138 542 1199 sed
564 1130 625 1195 ut
646 1140 833 1205 lateat,
858 1138 1115 1207 tanquam
1137 1137 1190 1191 in
1216 1138 1471 1215 caverna;
1494 1140 1580 1190 est
1604 1128 1748 1188 enim
1771 1128 2029 1201 serpens:

448 1231 530 1288 sie
560 1244 689 1300 ergo
709 1218 762 1284 in
785 1232 843 1285 se
862 1226 1056 1283 infelix
1092 1228 1292 1289 anima,
1324 1239 1486 1295 quam
1526 1224 1911 1296 pessimushic
1937 1238 2035 1277 an-

446 1323 567 1392 guis
591 1314 889 1384 obsederit;
914 1306 1239 1389 serpentino
1276 1316 1479 1389 frigere
1508 1314 1689 1387 rigens
1715 1317 2030 1381 attrahitur,

446 1418 501 1466 et
529 1398 857 1473 coarctatur,
883 1418 1044 1478 atque
1070 1409 1123 1462 in
1147 1422 1337 1463 omnes
1360 1407 1639 1477 angustias
1657 1406 1886 1476 cogitur.

466 1536 471 1549 .
514 1498 693 1555 Judwi
713 1500 939 1568 primum
968 1507 1016 1553 et
1040 1495 1232 1551 erci.
1260 1496 1497 1567 (Ambr.)
1536 1495 1763 1565 Semper
1788 1493 2031 1549 Judaeum

446 1590 725 1659 anteponit
780 1582 1132 1659 praerogativa
1186 1588 1440 1652 Patrum,
1499 1594 1557 1640 ut
1604 1593 1694 1639 aut
1742 1584 2032 1640 coronetdr

426 1682 671 1752 primus,
689 1689 781 1737 aut
801 1668 1086 1736 damnetur
1102 1668 1265 1749 {quia
1282 1680 1513 1735 credens
1529 1688 1748 1751 propter
1760 1677 2029 1732 Abraham

418 1773 890 1829 honoriﬁcentior
932 1780 1041 1835 est,
1070 1758 1317 1826 diﬁdens
1374 1780 1552 1824 autem
1596 1770 1751 1840 pejus
1796 1777 2032 1822 tractan-

2136 579 2388 632 reddetur
2445 578 2533 631 illa
2589 578 2707 633 sine
2747 577 2911 632 dubio
2962 593 3081 649 qua:
3106 576 3256 645 dicit,
3286 577 3400 649 Ego
3454 572 3719 649 rumpia,

2131 669 2342 732 ueritas,
2380 679 2428 721 et
2462 669 2568 721 vita
2598 667 2781 739 (Joan.
2808 664 2917 740 XI);
2948 667 3199 724 Christus
3234 678 3436 733 autem,
3463 672 3555 739 qui
3600 673 3720 727 vita

2132 765 2332 814 interna
2375 768 2480 823 est,
2518 759 2783 814 bonorum
2816 760 2998 814 omnis
3026 767 3112 815 est
3140 760 3434 830 plenitudo.
3464 760 3720 819 Secundo

2135 849 2193 904 in
2225 848 2344 905 loco
2369 857 2638 918 ponuntur
2664 848 2723 903 hi
2770 851 2863 918 qui
2891 864 2959 903 ex
2984 850 3352 914 contentione,
3379 858 3433 904 et
3457 851 3548 920 qui
3585 851 3722 906 ditii-

2112 942 2273 995 .dunt
2298 941 2516 1010 quidem
2542 941 2775 1005 veritati,
2799 942 3172 1010 obtemperant
3208 950 3388 996 autem
3414 941 3718 1011 iniquitati,

2133 1030 2329 1100 quibus
2358 1030 2443 1084 ira
2460 1039 2513 1084 et
2535 1030 2855 1101 indignatio,
2878 1029 3151 1084 tribulatio
3265 1032 3525 1102 angustia
3538 1032 3721 1099 immio

2132 1130 2246 1185 net,
2278 1120 2331 1175 id
2360 1129 2461 1185 est,
2490 1122 2639 1176 omni
2670 1123 2725 1176 in
2752 1136 2839 1176 me
2857 1122 3101 1191 aperanti
3132 1122 3359 1187 malum,
3387 1120 3573 1178 Iudaeo
3598 1125 3717 1193 pri-

2132 1220 2364 1268 mumet
2384 1211 2593 1276 Graeco,
2648 1212 2733 1267 his
2771 1220 2953 1273 autem
2996 1212 3204 1266 eisdem
3230 1212 3399 1266 etiam
3446 1214 3716 1269 bonorum

2132 1302 2438 1358 retributio.
2476 1303 2660 1357 Tertio
2684 1302 2741 1356 in
2758 1302 2890 1357 loco
2914 1303 3031 1372 pari
3060 1318 3182 1358 cum
3212 1303 3561 1362 distinctione
3588 1318 3717 1375 pro-

2132 1396 2381 1458 mittitur,
2415 1410 2536 1450 cum
2565 1394 2701 1450 dicit
2728 1412 2741 1448 :
2773 1392 2957 1449 Gloria
3004 1405 3177 1449 autem
3221 1404 3272 1449 et
3314 1396 3503 1462 honor,
3532 1407 3583 1451 et
3606 1414 3717 1467 patr

2132 1488 2272 1541 omni
2285 1486 2518 1557 aperanti
2535 1484 2946 1550 bonum,.ludwo
2966 1486 3190 1555 primum
3208 1495 3260 1539 rt
3271 1484 3457 1540 Granio
3477 1503 3495 1541 :
3516 1487 3712 1556 (Orig)

2133 1578 2285 1645 Quod
2306 1618 2320 1641 ,
2347 1586 2405 1632 ut
2432 1593 2531 1647 ego
2550 1593 2743 1648 capere
2771 1590 2988 1647 possum
3005 1618 3019 1642 ,
3051 1578 3119 1632 de
3141 1577 3341 1645 ludatis
3369 1586 3425 1634 et
3462 1580 3712 1647 gentibus

2132 1669 2286 1734 dicit,
2308 1670 2550 1738 utrisque
2571 1670 2806 1723 nondum
2829 1669 3190 1729 credentibus;
3208 1677 3387 1739 potest
3405 1670 3549 1724 arim
3572 1668 3708 1735 ﬁeri,

2132 1768 2194 1814 ut
2222 1760 2305 1814 vel
2330 1776 2397 1815 ex
2436 1761 2522 1814 bis
2542 1798 2556 1825 ,
2595 1760 2685 1829 qui
2716 1760 2770 1813 in
2800 1758 2921 1830 lege
2954 1760 3333 1829 sunt,.siquis
3357 1760 3711 1831 persuasione

445 1846 545 1916 diu
565 1871 671 1927 est,
696 1862 823 1932 quia
844 1832 1043 1917 donqu
1068 1859 1400 1929 promissum
1421 1874 1451 1912 a
1476 1832 1731 1913 Patribus
1754 1857 2026 1912 refutavit.
2042 1832 2107 1905 >3
2134 1849 2348 1919 quidem
2370 1849 2641 1902 communi
2662 1847 2876 1902 Chiisto
2897 1863 3001 1902 non
3024 1848 3713 1918 creditmperemtanum

515 1950 700 2007 Gloria
721 1960 895 2004 autem
913 1959 961 2004 et
983 1951 1150 2004 honor
1171 1958 1219 2003 et
1243 1966 1371 2019 pax,
1396 1949 1539 2003 omni
1562 1949 1795 2019 aperanti
1816 1949 2026 2013 bonum,

443 2039 637 2094 ludam
664 2040 890 2110 primum
916 2049 965 2093 et
994 2037 1199 2095 erco.
1251 2038 1533 2105 Quomodo
1580 2037 1877 2093 incredulis
1924 2037 2029 2091 tria

443 2130 677 2200 poenalia
705 2128 905 2199 posuit,
944 2130 1028 2184 sic
1074 2136 1130 2183 et
1175 2128 1426 2187 ﬁdelibus
1477 2128 1580 2182 tria
1626 2127 1935 2197 magniﬁca,
1968 2134 2030 2180 ut

441 2218 700 2283 honorem
754 2218 988 2275 habeant
1025 2219 1322 2287 geminum,
1368 2219 1524 2288 quasi
1572 2218 1666 2273 lilii
1706 2216 1822 2283 Dei,
1861 2215 2028 2286 gloria

444 2319 629 2365 autem
652 2310 725 2375 sit
759 2325 860 2380 pro
878 2311 1271 2375 immutatione,
1308 2324 1415 2381 pax
1441 2326 1590 2375 vero,
1622 2326 1689 2366 eo
1722 2308 2029 2379 quod‘bene

424 2399 690 2471 lviventes
715 2399 887 2469 quieti
910 2409 1077 2457 erunt
1123 2400 1177 2455 in
1222 2401 1408 2457 futuro
1434 2400 1582 2455 nulla
1619 2402 2029 2471 perturbatione

445 2488 723 2553 comnmi,
775 2489 993 2561 quippe,
1022 2490 1150 2559 quia
1190 2491 1367 2546 omnis
1392 2492 1556 2551 homo
1589 2506 1620 2545 a
1645 2492 1934 2548 contrariis
1968 2505 2028 2547 se

443 2579 725 2635 abstinens
751 2581 893 2650 apud
920 2578 1164 2644 iudicem
1196 2581 1360 2639 habet
1386 2598 1597 2653 pacem.
1912 2582 1921 2589 “

513 2669 639 2731 Non
690 2674 827 2737 enim
870 2689 1212 2743 personarum
1265 2676 1496 2745 acceptio
1536 2684 1613 2729 est
1662 2676 1802 2747 apud
1836 2675 2021 2730 Deum.

441 2760 707 2831 Quoniam
736 2763 976 2825 ostendit
999 2763 1244 2821 Judaeum
1274 2765 1388 2822 sive
1415 2764 1665 2820 Caecum
1696 2782 1801 2821 non
1825 2767 2026 2836 despici

438 2872 470 2911 a
501 2856 635 2922 Deo,
666 2857 711 2914 si
749 2865 928 2913 tamen
970 2857 1159 2913 credat
1194 2856 1249 2910 in
1279 2856 1581 2922 Christum,
1616 2857 1712 2911 sed
1749 2865 2025 2927 acceptam

440 2948 559 3005 ﬁeri
584 2951 845 3005 ambobus
861 2949 1126 3021 justitiam
1157 2948 1311 3015 ﬁdei,
1342 2949 1420 3003 sic
1443 2949 1638 3004 iterum
1668 2952 1774 3002 non
1803 2951 2027 3004 creden-

442 3047 525 3099 tes
554 3041 755 3108 pariter
784 3057 908 3096 reos
934 3055 1076 3105 esse,
1102 3041 1230 3110 quia
1272 3040 1442 3111 magis
1482 3040 1659 3096 oberit
1685 3040 2028 3095 circumcisio

441 3131 559 3188 sine
588 3132 798 3197 ﬁde,~et
841 3132 1081 3201 proderit
1111 3130 1430 3200 praeputium
1474 3146 1570 3199 per
1626 3128 1806 3195 ﬁdem,
1840 3146 1903 3185 ac
1929 3145 2026 3200 per
2056 3147 2079 3201 ε

380 3225 387 3235 ’
442 3224 546 3279 hoc
567 3223 726 3279 docet
756 3237 1116 3292 personarum
1164 3229 1503 3289 acceptorem
1545 3222 1851 3275 Deumnon
1882 3236 2021 3276 esse.
2052 3182 2098 3257 ε

440 3313 551 3370 Nec
574 3316 718 3370 enim
738 3314 1148 3383 prmrogativam
1176 3312 1389 3382 generis
1412 3312 1675 3382 sequitur,
1690 3322 1750 3368 ut
1764 3315 2029 3385 suscipiat

441 3420 608 3477 causa
636 3405 859 3467 Patrum
906 3403 1256 3469 diuidentem,
1285 3411 1379 3458 aut
1410 3404 1630 3474 abjieiat
1655 3420 1687 3459 a
1715 3420 1778 3461 se
1810 3414 2028 3476 propter

441 3497 814 3568 indignitatem
859 3504 1141 3568 parentum
1187 3497 1516 3563 credentem,
1549 3498 1642 3554 sed
1669 3514 2027 3568 unmnquem—

440 3603 547 3659 que
570 3590 786 3659 proprio
811 3588 1004 3643 merito
1032 3597 1125 3642 aut
1174 3596 1502 3652 remunerat,
1539 3597 1633 3643 aut
1681 3589 2023 3645 condemnat.

440 3678 575 3734 Tres
600 3687 778 3737 tamen
818 3677 951 3733 mihi
976 3679 1080 3732 hoc
1103 3677 1299 3731 inloco
1323 3678 1543 3732 ordines
1576 3676 1770 3734 fecisse
1812 3679 2027 3733 videtur

441 3769 760 3840 Apostolus;
811 3771 987 3840 primo
1018 3769 1161 3827 enim
1189 3769 1321 3824 dicit
1363 3770 1427 3823 de
1456 3770 1559 3834 his,
1586 3770 1683 3839 qui
1727 3771 2025 3825 secundum

439 3862 759 3931 patientiam
784 3862 911 3916 boni
934 3862 1111 3931 operis
1134 3861 1357 3931 gloriam
1387 3870 1442 3915 et
1463 3863 1742 3928 honorem,
1770 3872 1823 3918 et
1844 3864 2026 3918 incor-

445 3954 751 4020 ruptionem
796 3960 1064 4022 quaerunt,
1103 3952 1245 4021 quod
1278 3952 1407 4021 ipsis
1445 3952 1633 4007 reddet
1676 3953 1819 4008 Deus
1856 3954 2026 4006 vitam

443 4052 737 4100 :eternam:
773 4044 1086 4113 patientiam
1113 4051 1291 4097 autem
1312 4044 1435 4099 boui
1466 4045 1646 4113 operis
1676 4044 1728 4097 in
1762 4045 1868 4099 illis
1897 4060 2023 4100 esse

442 4142 649 4188 certum
676 4142 781 4197 est,
811 4134 905 4203 qui
947 4148 1145 4203 agones
1170 4141 1224 4186 et
1249 4134 1542 4186 certamina
1585 4134 1857 4201 perferunt
1906 4136 2025 4205 pie-

442 4225 586 4287 tatis,
610 4225 752 4293 quod
780 4239 943 4294 supra
988 4224 1335 4292 exposuimus
1360 4224 1637 4277 evidenter
1663 4224 1729 4277 de
1758 4225 2027 4283 Christian
2056 4221 2060 4224 ’

443 4314 531 4368 nis
556 4314 685 4378 dici,
718 4315 854 4383 apud
884 4328 1018 4381 quos
1045 4322 1309 4382 martyres
1336 4313 1488 4375 ﬁunt,
1518 4313 1813 4381 probantur
1840 4327 2025 4371 autem

443 4404 605 4458 etiam
636 4420 735 4472 per
756 4404 886 4468 hoc,
918 4404 1058 4471 quod
1086 4403 1344 4458 Dominus
1364 4403 1496 4461 dicit
1519 4405 1586 4457 ad
1615 4407 1903 4473 apostolos,
1929 4410 2027 4477 qui

442 4492 826 4546 tribulationem
845 4492 1046 4546 habetis
1066 4494 1121 4546 in
1147 4493 1243 4546 hoc
1266 4493 1480 4557 mundo,
1503 4504 1571 4558 et,
1594 4497 1818 4551 mundus
1843 4510 2028 4566 gram-

441 4580 660 4648 labitur,
699 4598 788 4636 vos
836 4592 1011 4636 autem
1046 4583 1276 4653 Iegebitis
1302 4539 1484 4654 (Ιοαηῖ
1542 4539 1676 4657 nivi),
1714 4595 1769 4641 et
1818 4539 2110 4647 addidit.»

439 4685 560 4746 post
585 4689 776 4744 pauca,
814 4676 869 4728 in
914 4684 1079 4729 uestra
1132 4676 1380 4746 patientia
1434 4677 1759 4745 possidebitis
1813 4681 2018 4745 citima:

440 4775 655 4823 vestras.
684 4765 1113 4822 Christianorum
1151 4781 1278 4834 ergo
1324 4774 1408 4821 est
1457 4776 1765 4836 pressuram
1819 4773 1927 4841 pati
1964 4773 2016 4827 in

442 4856 546 4911 hoc
584 4856 800 4920 steculo,
826 4866 881 4912 et
932 4857 1137 4927 lugere,
1176 4872 1404 4926 quorum
1436 4868 1518 4912 est
1560 4859 1668 4913 vita
1696 4872 1921 4921 aeterna.
1950 4864 2018 4918 Et

440 4946 523 5005 vis
549 4947 709 5010 scire,
732 4948 876 5014 quod
906 4946 1104 5013 nullius
1129 4955 1213 5007 est
1242 4947 1349 5001 vita
1372 4956 1591 5012 mterna,
1624 4950 1728 5004 nisi
1758 4951 1877 5021 eius
1924 4952 2013 5023 qui

441 5036 616 5105 credit
652 5036 705 5089 in
749 5035 1046 5101 Christum,
1088 5037 1212 5109 audi
1262 5037 1562 5108 §alvatoris
1601 5040 1774 5109 ipsius
1826 5055 2014 5115 vocem

440 5127 717 5197 evidenter
754 5128 805 5183 in
854 5126 1157 5199 Evangeliis
1192 5128 1563 5199 designaiuem
1586 5146 1605 5185 :
1639 5130 1768 5186 Ilwc
1805 5143 1880 5199 est
1919 5150 2016 5188 au-

441 5227 542 5271 tem
566 5219 668 5271 vita
695 5228 912 5284 (eterna,
944 5229 1000 5273 ut
1027 5229 1337 5290 cognoscant
1361 5230 1409 5273 te
1432 5220 1605 5277 solum
1628 5239 1801 5279 verum
1823 5223 2012 5290 Deum,

440 5316 489 5361 et
519 5322 672 5376 quem
699 5309 884 5363 misisti
907 5308 1089 5364 Iesum
1132 5306 1399 5364 Christum
1424 5310 1606 5379 (loan.
1630 5313 1793 5383 ml).
1827 5314 2015 5383 Omnis

440 5410 587 5466 ergo,
620 5397 711 5466 qui
743 5414 850 5454 non
877 5398 1093 5468 agnovit
1112 5397 1331 5457 Patrem
1358 5401 1530 5459 solum
1553 5440 1569 5466 ,
1588 5410 1652 5463 et
1682 5402 1874 5461 Filium
1901 5403 2015 5472 eius

437 5485 623 5545 Iesum
645 5487 940 5554 Christum,
968 5489 1175 5549 alienus
1202 5498 1286 5549 est
1305 5492 1371 5549 ab
1398 5494 1700 5552 aeternitate
1728 5496 1867 5560 vitai,
1896 5497 2015 5559 hinc

438 5587 523 5634 est
543 5580 688 5634 enim
719 5580 840 5650 ipsa
883 5577 1107 5649 agnitio,
1134 5590 1191 5635 et
1239 5580 1371 5637 ﬁdes
1406 5583 1514 5639 vita
1543 5599 1662 5660 esse
1704 5586 2016 5657 designatur

438 5676 659 5723 acterna.
686 5668 780 5723 Est
802 5668 963 5736 igitur
981 5667 1245 5737 plurimus
1271 5672 1360 5727 hic
1388 5672 1813 5733 Christianorum
1840 5678 2010 5743 locus,

439 5760 634 5829 quibus
660 5773 757 5828 per
780 5757 1094 5829 patientiam
1126 5760 1250 5819 boni
1276 5763 1474 5832 operis,
1505 5765 1728 5835 gloriam
1765 5778 1820 5824 et
1842 5770 2013 5829 bono.

2128 1939 2272 2010 quod
2296 1940 2492 1993 bonum
2514 1947 2620 2002 est,
2643 1936 2908 2005 justitiam
2940 1947 3140 2003 teneat,
3165 1939 3592 1995 misericordiam
3620 1939 3712 1992 di-

2128 2028 2278 2098 ligat,
2313 2029 2620 2083 castitatem
2644 2037 2701 2083 et
2726 2029 3111 2084 continentiam
3153 2041 3353 2095 servet,
3383 2030 3718 2101 modestiam

2128 2118 2511 2189 lenitatemque
2530 2120 2821 2185 custodiat,
2845 2128 3013 2189 atque
3025 2134 3185 2175 omne
3210 2135 3344 2190 opus
3361 2120 3561 2177 bonum
3581 2136 3720 2189 ope-

2061 2211 2070 2224 '
2127 2220 2303 2273 retur,
2330 2209 2437 2273 hic,
2486 2211 2700 2273 etiamsi
2752 2211 2920 2265 vitam
2942 2224 3047 2265 non
3070 2210 3233 2265 habet
3259 2218 3540 2274 :eteruam,
3567 2212 3719 2280 quod

2128 2305 2355 2357 credens
2379 2302 2476 2357 soli
2509 2317 2635 2358 vero
2663 2302 2798 2367 Deo,
2822 2318 2929 2367 non
2954 2302 3184 2357 credidit
3202 2309 3257 2356 et
3278 2299 3417 2358 Filio
3438 2300 3561 2375 eius
3581 2301 3715 2357 dem

2128 2392 2365 2461 Christo,
2417 2410 2577 2463 quem
2628 2396 2803 2461 misit;
2830 2403 3006 2450 tamen
3038 2409 3261 2465 operum
3295 2394 3465 2465 gloria
3490 2393 3717 2465 ejus,et

2129 2487 2318 2551 honor,
2344 2495 2399 2543 et
2411 2502 2515 2556 pax
2538 2488 2737 2557 poterit
2763 2502 2868 2542 non
2883 2487 3079 2557 perire.
3100 2486 3205 2542 Sed
3234 2485 3612 2555 etGragcust
3627 2495 3717 2542 est

2128 2579 2359 2649 gentilis,
2391 2579 2437 2634 si
2468 2596 2590 2636 cum
2622 2580 2793 2651 legem
2822 2593 2928 2634 non
2956 2579 3182 2642 haheat,
3209 2579 3327 2649 ipse
3365 2579 3574 2647 sibimt
3600 2578 3710 2643 lex,

2128 2669 2425 2725 ostendens
2445 2686 2582 2739 qius
2606 2670 2741 2741 legis
2770 2670 2824 2727 in
2850 2670 3013 2725 corde
3034 2685 3137 2726 suo
3159 2679 3215 2725 et
3242 2670 3475 2739 neutrali
3499 2670 3711 2731 ratione

2128 2760 2381 2815 immotus
2402 2760 2580 2832 (Rom.
2599 2760 2731 2831 ιιν),
2755 2761 2894 2815 sicut
2908 2760 3150 2816 videmus
3177 2760 3466 2827 nonnullos
3489 2762 3545 2817 it.
3570 2778 3710 2832 gen.

2130 2850 2292 2915 tibus,
2324 2851 2409 2906 vel
2432 2851 2696 2921 justitiam
2731 2858 2929 2915 teneat,
2951 2851 3036 2907 vel
3065 2851 3370 2917 castitatem
3393 2863 3598 2923 servet,
3622 2851 3712 2909 vel

2128 2945 2488 3016 prudentiam,
2514 2944 2948 3015 temperantiam,
2964 2944 3391 3014 modestiamque
3402 2946 3704 3000 custodiat:

2129 3035 2233 3091 iste
2258 3036 2383 3091 licet
2412 3036 2620 3091 alienus
2659 3052 2689 3091 a
2716 3038 2829 3090 vita
2874 3035 3121 3092 videatur
3148 3045 3375 3102 eterna,
3422 3037 3551 3106 otia
3598 3053 3706 3092 non

2129 3128 2302 3184 credit
2354 3128 2591 3193 Christo,
2644 3136 2701 3183 et
2770 3129 2977 3184 intrare
3040 3143 3149 3183 non
3188 3129 3362 3199 possit
3395 3128 3451 3195 in
3480 3140 3707 3198 regnum

2130 3219 2409 3283 cmlorum,
2437 3216 2563 3288 quia
2587 3228 2804 3275 renatus
2825 3235 2931 3283 non
2952 3229 3125 3276 estex
3140 3235 3284 3289 aqua
3303 3219 3711 3291 ἀνθρωπή-

2130 3314 2286 3370 detur
2302 3311 2445 3379 quod
2464 3325 2562 3380 per
2591 3312 2706 3366 haec
2732 3326 2851 3382 qua:
2880 3311 3131 3367 dicuntur
3152 3310 3221 3369 ab
3239 3311 3709 3380 Apamia..an

2130 3417 2248 3456 rum
2281 3415 2504 3470 operum
2533 3401 2758 3473 gloriam
2783 3410 2840 3463 et
2874 3403 3159 3468 honorem,
3190 3410 3454 3472 etnacem
3481 3402 3708 3472 perdam

2128 3492 2341 3562 penitus
2356 3508 2462 3547 non
2484 3492 2672 3561 possit.
2692 3494 2753 3547 Si
2768 3493 2914 3549 enim
2930 3495 3228 3551 secundum
3246 3510 3311 3550 ea
3334 3510 3455 3564 quae
3470 3496 3529 3557 in
3552 3508 3710 3566 supe-

2128 3584 2363 3641 rioribus
2398 3586 2768 3649 disseruimus,
2801 3587 3011 3641 videtur
3034 3586 3323 3657 Apostolus
3345 3589 3709 3646 condemnare

2128 3676 2352 3745 gentiles
2374 3691 2442 3730 ex
2462 3692 2528 3732 eo
2548 3678 2689 3745 quod
2715 3676 2944 3732 naturali
2970 3676 3325 3749 intelligentia
3364 3694 3486 3735 cum
3510 3694 3709 3749 cogito-

2126 3770 2333 3823 vissent
2360 3770 2546 3834 Deum,
2574 3785 2680 3823 non
2710 3770 2853 3824 sicut
2872 3768 3039 3823 Deum
3066 3769 3567 3841 magniﬁcarerunt,
3582 3785 3710 3839 quo-

2128 3861 2290 3915 modo
2328 3874 2432 3915 non
2465 3868 2715 3931 putamus
2748 3861 2889 3930 quod
2925 3860 3091 3915 etiam
3118 3861 3422 3917 collaudare
3458 3876 3554 3916 eos
3582 3877 3708 3930 pos.

2127 3950 2201 4005 sit
2222 3958 2277 4003 et
2299 3950 2510 4014 debeat,
2536 3950 2582 4005 si
2603 3951 2693 4019 qui
2722 3951 2776 4004 in
2800 3951 2886 4005 his
2906 3960 3291 4020 cognoscentes
3310 3952 3476 4006 Deum
3498 3953 3709 4019 magni—

2128 4040 2326 4095 ﬁcent?
2346 4040 2593 4095 Dubitari
2616 4042 2777 4112 igitur
2812 4058 2918 4095 non
2945 4050 3075 4110 puto
3099 4043 3310 4110 quodie
3330 4042 3424 4111 qui
3443 4058 3542 4111 pro
3568 4043 3706 4097 malo

2127 4146 2292 4202 opere
2320 4133 2666 4186 condemnari
2699 4134 3005 4199 meruisset,
3043 4134 3086 4187 si
3118 4142 3375 4202 operatus
3397 4142 3541 4189 esset
3572 4148 3707 4203 Opus

2126 4223 2352 4287 bonum,
2374 4224 2807 4279 remuneratione
2826 4223 2949 4277 boni
2974 4225 3156 4294 operis
3174 4224 3371 4294 dignus
3391 4224 3703 4279 haberetur.

2132 4314 2291 4368 Vides
2312 4314 2454 4368 enim
2476 4315 2744 4369 dicentem
2767 4316 3080 4385 Apostolum
3093 4318 3227 4385 quia
3248 4332 3425 4371 omnes
3447 4332 3540 4370 nos
3566 4325 3708 4370 dare

2129 4417 2327 4477 oportet
2357 4420 2476 4461 ante
2501 4408 2729 4461 tribunal
2754 4407 2973 4472 Christi,
3005 4419 3061 4462 ut
3090 4418 3312 4479 reportet
3354 4409 3708 4479 unusquisque

2130 4499 2344 4567 propria
2366 4499 2616 4568 corporis,
2647 4510 2799 4568 prout
2822 4501 2997 4568 gessit,
3036 4502 3142 4554 sive
3166 4501 3355 4555 bonum
3378 4501 3486 4555 sive
3506 4499 3705 4554 malum

2132 4588 2219 4660 (II
2246 4588 2367 4643 Cor.
2391 4589 2464 4658 v).
2494 4589 2624 4653 inde
2663 4590 2894 4660 denique
2939 4600 3025 4646 est
3044 4591 3189 4661 quod
3227 4600 3283 4646 et
3334 4592 3388 4647 in
3441 4592 3543 4646 hoc
3588 4589 3708 4646 loco

2128 4681 2424 4752 subjttngit,
2449 4698 2550 4734 non
2588 4681 2727 4735 enim
2759 4698 3099 4751 personarum
3163 4684 3390 4753 acceptio
3434 4694 3513 4736 est
3564 4684 3707 4752 apud

2124 4772 2316 4835 Deum.
2358 4773 2509 4838 Quod
2557 4772 2599 4825 si
2650 4772 2823 4827 adhuc
2861 4774 2953 4828 tibi
2983 4772 3200 4828 dubium
3246 4773 3476 4838 videtur,
3501 4773 3624 4827 audi
3650 4782 3707 4841 et

2131 4865 2323 4919 Petrus
2342 4866 2469 4935 quid
2499 4866 2550 4920 in
2576 4866 2799 4920 Actibus
2822 4865 3187 4935 apostolorum
3218 4867 3550 4935 pronuntiet,
3580 4880 3704 4920 cum

2121 4957 2200 5010 ad
2224 4957 2472 5025 gentilem
2492 4956 2796 5013 Cornelium
2821 4958 2844 5009 Γ
2845 4960 3007 5012 uisset
3026 4960 3302 5029 ingressus
3321 4957 3705 5028 :Contpertttnt,

2126 5047 2327 5116 inquit,
2348 5048 2536 5112 habeo,
2564 5050 2703 5119 quod
2745 5050 2883 5104 Deus
2926 5066 3266 5119 personarum
3308 5062 3548 5122 acceptor
3598 5065 3704 5105 non

2122 5147 2228 5201 est,
2250 5138 2341 5193 sed
2362 5139 2423 5203 in
2448 5140 2588 5195 omni
2618 5139 2755 5204 loco,
2780 5150 2830 5194 et
2858 5142 2912 5195 in
2938 5143 3080 5196 omni
3112 5152 3283 5211 gente,
3308 5144 3400 5213 qui
3438 5143 3567 5212 facit
3615 5158 3705 5195 vov-

2120 5226 2383 5285 llmtatem
2411 5230 2547 5300 ejus,
2575 5242 2814 5300 acceptus
2839 5242 2914 5286 est
2942 5233 2988 5288 ei
3008 5233 3149 5304 (Act.
3180 5235 3259 5306 χ).
3282 5234 3392 5290 Sed
3410 5232 3576 5303 obiici
3612 5250 3708 5288 no-

2121 5317 2215 5376 bis
2242 5327 2419 5389 potest
2447 5319 2573 5375 illud
2608 5320 2750 5388 quod
2794 5321 3053 5378 Dominus
3101 5323 3160 5377 in
3203 5324 3497 5403 Evangelio
3525 5323 3703 5379 dicit:

2123 5406 2316 5481 nornis
2331 5412 2419 5479 qui
2441 5408 2601 5465 credit
2614 5413 2669 5466 in
2682 5428 2886 5467 menon
2901 5415 3260 5484 iudicabitur,-
3283 5419 3374 5488 qui
3397 5430 3570 5473 autem
3599 5426 3705 5471 non

2119 5500 2315 5563 credit,
2346 5499 2459 5569 jam
2482 5500 2747 5571 iudicatus
2774 5513 2869 5571 est,
2894 5506 3019 5575 quia
3045 5522 3148 5563 non
3176 5508 3345 5562 credit
3388 5508 3445 5565 in
3499 5508 3706 5563 ιιοαίιή

2119 5591 2383 5659 unigeniti
2406 5589 2533 5651 Filii,
2548 5592 2645 5647 Dei
2665 5591 2850 5663 (Jahn.
2875 5597 2979 5668 tu).
3006 5597 3113 5653 Sed
3135 5599 3419 5655 videamus
3434 5600 3704 5671 mihi

2118 5694 2234 5739 non
2249 5681 2557 5752 iudicamur
2572 5684 2665 5753 qui
2682 5686 2954 5742 aedituus
2972 5688 3209 5755 Christo,
3234 5701 3296 5744 ut
3317 5693 3554 5745 sciamus
3568 5705 3679 5760 quo

2119 5772 2288 5833 modo
2315 5771 2763 5841 etillcjudicatus
2781 5776 2871 5843 sit,
2894 5780 2983 5847 qui
3006 5796 3118 5835 non
3145 5781 3697 5853 credidituNunqnid-
