4056 6336
358 400 497 463 {3H

845 411 850 416 ε
922 406 1466 465 ENARRATIONUM
1505 407 1574 463 lN
1612 377 1760 464 ms.
1802 400 2008 465 muta
2047 400 2174 465 Lm.
2215 409 2256 464 ι.
2299 391 2368 452 L—
2401 407 2471 465 IN
2503 373 2720 468 EPIST.
2761 408 2854 469 AD
2889 405 3057 470 non.

3468 407 3604 469 i3l8

357 535 484 576 nam
511 526 790 589 putamus,
821 520 912 590 qui
945 521 1302 576 credideritin
1329 522 1566 590 Christo,
1596 532 1648 578 et
1675 533 1796 592 post
1828 525 1933 580 hoc
1959 529 2008 588 Α
2033 525 2170 580 vina:
2203 525 2460 581 bonitatis
2503 528 2590 610 hic
2625 529 2805 596 lateat,
2869 547 3030 604 quam
3074 501 3286 614 semper
3329 533 3609 603 abscondit

357 613 706 671 homicidium
742 610 821 671 vel
863 616 1182 672 adulterium
1212 609 1562 683 commiserit,
1614 628 1708 672 aut
1737 617 1928 671 falsum

361 706 724 761 testimonium
754 707 972 771 dixerit,
1003 718 1094 762 aut
1125 707 1324 781 aliquid
1353 703 1656 774 hujusniodi
1684 696 1930 780 gesserit,

361 813 479 867 qua:
513 813 894 868 nonnunquam
923 797 1166 853 videmus
1211 778 1494 853 admittere
1532 791 1697 853 etiam
1727 798 1929 863 ﬁdeles,

361 889 483 958 quia
499 904 596 958 pro
618 888 702 944 his
717 890 826 959 jam
855 906 958 944 non
969 888 1318 957 judicabitur,
1345 891 1437 959 qui
1459 890 1687 945 credidit
1702 890 1755 942 in
1771 889 1926 943 Chri-

360 980 482 1032 sto?
523 978 742 1032 Certum
771 987 852 1034 est
881 981 997 1034 haec
1038 981 1217 1033 omnia
1250 980 1435 1035 venire
1463 981 1530 1035 ad
1564 980 1846 1050 judicium,
1880 987 1936 1033 et

359 1067 479 1122 ideo
500 1068 578 1122 sic
607 1068 982 1138 intelligendus
1009 1078 1090 1124 est
1118 1069 1325 1123 Domini
1362 1085 1560 1154 sermo,
1586 1085 1746 1150 quem
1781 1069 1931 1154 dicit,

358 1157 447 1227 qui
475 1157 636 1210 credit
664 1159 717 1210 in
743 1174 823 1211 me
850 1176 952 1212 non
973 1159 1323 1228 judicabitur,
1348 1139 1476 1229 quia
1495 1139 1795 1216 secundutii
1829 1141 1935 1214 hoc

359 1249 499 1317 quod
527 1249 756 1304 credidit
797 1266 903 1304 non
951 1248 1282 1318 judicabitur
1322 1251 1475 1319 quasi
1529 1250 1834 1304 incredulus
1883 1258 1937 1304 et

360 1339 590 1408 inﬁdelis
614 1359 626 1395 :
652 1341 717 1410 de
743 1342 954 1409 actibus
976 1357 1103 1396 vero
1121 1343 1235 1398 suis
1258 1343 1377 1400 sine
1400 1343 1560 1419 dubio
1574 1342 1931 1410 indicabitur;

360 1430 434 1504 ita
462 1440 672 1503 ergoet
697 1432 785 1501 ille
817 1431 933 1503 jam
954 1431 1226 1501 judicatus
1265 1443 1366 1497 est,
1428 1435 1520 1503 qui
1566 1451 1673 1490 non
1723 1434 1932 1499 credit;

360 1525 653 1593 secundum
681 1526 786 1591 hoc
822 1527 962 1606 quod
989 1541 1094 1580 non
1127 1526 1390 1592 credidit,
1419 1535 1475 1588 et
1497 1527 1639 1588 sicut
1671 1526 1934 1591 credenti,

359 1619 405 1672 si
441 1619 773 1692 extrinsecus
801 1619 1008 1687 peccati
1053 1618 1251 1688 aliquid
1276 1619 1626 1684 commiserit,
1659 1618 1804 1682 salva
1836 1618 1938 1674 ﬁde

355 1710 615 1782 judicium
655 1719 871 1775 manet;
917 1710 994 1788 ita
1034 1718 1090 1775 et
1124 1725 1228 1766 non
1269 1709 1540 1774 credenti.
1583 1710 1625 1763 si
1657 1709 1784 1777 quid
1809 1706 1936 1772 boui

359 1801 538 1871 operis
563 1801 754 1871 egerit,
781 1809 1002 1870 excepta
1051 1799 1382 1868 inﬁdelitate,
1424 1799 1785 1879 remuneratio
1830 1813 1935 1858 non

2033 617 2347 692 timentibus
2377 634 2464 683 se;
2509 607 2753 698 fortassis
2788 607 2951 686 enim,
2985 607 3194 698 oblitus
3236 623 3339 678 sibi
3375 641 3606 695 propen-

2031 707 2228 792 siorem
2257 725 2440 796 curam
2485 726 2582 796 pro
2612 713 2696 767 his
2723 699 2812 788 qui
2851 693 3119 796 pereunt;
3151 699 3325 796 inesse
3357 719 3468 788 ipse
3507 718 3610 774 Do-

2033 789 2209 853 minus
2258 785 2310 880 in
2342 787 2626 874 Evan'gelio
2654 805 2906 882 ostendit,
2947 785 3250 886 cum‘diei‘t,
3297 788 3420 882 quia
3473 811 3611 863 venit
3701 835 3705 838 -

2033 886 2206 943 Filius
2228 873 2450 945 hominis
2481 873 2710 962 qurerere
2750 905 2795 948 et
2825 873 3188 966 salva‘refqu‘o'd
3212 873 3432 966 perierat
3456 895 3606 968 (Luc.

2032 980 2181 1052 XIX);
2232 991 2286 1037 et
2334 984 2527 1038 iterum
2574 985 2737 1040 dicit:
2776 985 2896 1040 Non
2917 983 3247 1043 sum-missus
3276 985 3375 1043 nisi
3399 985 3467 1043 ad
3487 987 3612 1046 oves

2029 1089 2149 1166 qua?
2169 1075 2430 1142 perierunt
2452 1075 2636 1166 eomas
2659 1075 2829 1130 Israel
2853 1077 3065 1146 (Matth.
3083 1079 3158 1147 x);
3187 1088 3243 1134 et
3266 1080 3427 1134 David
3452 1081 3608 1135 dicit:

2035 1160 2227 1217 Erravi
2245 1165 2378 1218 sicut
2390 1160 2501 1219 ovis
2517 1167 2750 1235 perdita;
2776 1170 2976 1238 require
2997 1186 3199 1222 servum
3213 1181 3380 1236 tuum,
3398 1170 3616 1227 Domine

2037 1251 2209 1324 (Psal.
2227 1256 2437 1327 cxvm).
2457 1256 2562 1312 Sed
2584 1268 2636 1312 et
2661 1260 2712 1314 in
2731 1260 3016 1329 Evangelio
3032 1261 3286 1316 drachma
3307 1279 3424 1333 quae
3445 1265 3618 1334 perie-

2036 1353 2120 1398 rat
2146 1346 2398 1400 mundata
2423 1348 2584 1404 domo
2609 1348 2928 1404 invenitur'a
2960 1349 3202 1414 muliere,
3232 1359 3287 1404 et
3305 1353 3497 1423 gaudet
3519 1369 3614 1423 pa-

2035 1441 2121 1488 ter
2139 1450 2299 1504 super
2321 1436 2432 1490 ﬁlio
2449 1436 2665 1504 iuniore
2687 1435 3141 1509 paenitente,quia
3165 1451 3402 1495 mortuus
3423 1443 3615 1512 fuerat,

2033 1536 2083 1581 et
2105 1528 2319 1594 revixit;
2342 1531 2591 1600 perierat,
2606 1543 2655 1586 et
2672 1533 2907 1587 inventus
2928 1546 3000 1588 est
3019 1525 3279 1605 (Luc.'xv)
3300 1555 3313 1602 ;
3337 1529 3428 1608 qui
3440 1536 3622 1606 junior

2037 1617 2195 1680 ﬁlius,
2228 1629 2286 1673 ut
2315 1634 2416 1688 ego
2447 1623 2700 1685 arbitror,
2729 1624 2892 1678 etiam
2925 1626 3036 1694 ipse
3079 1629 3370 1681 secundum
3398 1615 3619 1683 natura-

2031 1709 2270 1778 lemjam
2303 1712 2479 1767 fuerat
2507 1713 2699 1783 legem,
2737 1717 2841 1774 hoc
2868 1717 3009 1771 enim
3047 1719 3258 1771 videtur
3295 1718 3520 1773 indicari
3565 1721 3618 1774 in

2039 1815 2103 1854 eo
2152 1803 2292 1870 quod
2319 1807 2654 1874 consumpsit
2679 1808 2886 1874 partem
2909 1819 3147 1878 patorum
3171 1811 3484 1865 substantia:
3505 1823 3625 1881 quas

358 1891 580 1961 peribit,
606 1890 707 1946 nisi
737 1889 878 1946 forte
915 1891 1035 1959 quis
1064 1890 1264 1960 aliquid
1293 1905 1457 1967 grave
1503 1898 1560 1951 et
1598 1889 1930 1969 intolerabile
1961 1884 2005 1944 Β
2033 1904 2155 1945 eum
2181 1895 2525 1964 contingebat
2576 1891 2802 1952 vivendo
2829 1883 3121 1954 luxuriose.
3170 1901 3276 1956 Sed
3307 1911 3364 1957 et
3412 1904 3463 1956 in
3493 1903 3626 1958 Eze-

363 1983 487 2044 vclit
518 1981 771 2054 objicere,
795 1990 857 2050 ut
869 1982 1012 2050 dicat
1037 1997 1158 2064 cum
1181 1981 1270 2052 qui
1299 1988 1508 2050 peccat,
1524 1980 1944 2050 computandum

361 2091 468 2130 non
499 2090 618 2130 esse
655 2075 798 2150 inter
843 2075 1148 2140 credentes,
1180 2073 1305 2142 quia
1355 2073 1397 2128 si
1443 2074 1629 2138 credat
1669 2073 1813 2142 quis,
1837 2087 1944 2150 non

360 2175 566 2238 peccet,
614 2167 659 2223 si
706 2151 835 2234 vero
859 2175 1065 2236 peccat,
1109 2181 1175 2220 ex
1217 2165 1319 2220 hoc
1362 2165 1478 2234 ipso
1515 2169 1774 2235 arguatur
1801 2165 1946 2235 quod

365 2275 470 2314 non
497 2259 698 2322 caedat.
726 2256 831 2313 Sed
861 2259 974 2319 haec
997 2272 1162 2327 quam
1198 2258 1329 2321 dura
1374 2257 1445 2312 sit
1491 2256 1776 2320 sententia,
1811 2247 1945 2309 nulli

361 2353 672 2423 ambiguum
703 2361 866 2421 puto;
900 2363 1096 2420 quotus
1121 2351 1266 2406 enim
1289 2349 1516 2419 quisque
1555 2349 1858 2413 invenietur
1892 2347 1946 2402 in

369 2445 550 2507 terris,
580 2425 668 2513 qui
694 2444 764 2497 ita
793 2445 956 2510 vitam
981 2458 1134 2507 suam
1160 2442 1368 2506 liberet,
1400 2442 1536 2506 utin
1566 2441 1711 2496 nullo
1734 2440 1946 2508 penitus

367 2537 682 2607 delinquat?
712 2537 820 2602 Sed
847 2543 903 2591 et
926 2535 1158 2612 Joannes
1185 2535 1454 2608 apostolus
1487 2535 1539 2590 in
1565 2533 1800 2610 Epistola
1827 2547 1944 2595 sua,

368 2628 645 2683 evidenter
700 2629 860 2682 etiam
897 2627 1198 2702 Opinionem
1248 2625 1556 2696 hujusmodi
1602 2633 1772 2689 notat,
1819 2623 1947 2689 dum

365 2722 444 2776 ait
477 2739 488 2774 :
518 2719 578 2778 Si
605 2721 724 2790 quis
751 2721 962 2785 dixerit,
1015 2722 1139 2790 quia
1187 2728 1452 2790 peccatum
1510 2733 1613 2782 non
1661 2715 1833 2779 habet,
1866 2715 1948 2768 hic

367 2813 594 2866 mendax
624 2823 719 2878 est,
746 2822 793 2866 et
822 2813 1008 2866 veritas
1037 2813 1091 2866 in
1133 2830 1193 2866 eo
1248 2829 1348 2866 non
1375 2823 1468 2866 est.
1499 2808 1557 2865 Si
1606 2809 1949 2878 conﬁteamur

365 2913 581 2973 peccata
613 2913 812 2968 nostra,
840 2902 1087 2958 habemus
1117 2903 1424 2962 advocatum
1453 2901 1591 2970 apud
1618 2899 1832 2954 Patrem
1857 2899 1949 2953 Je-

363 3010 485 3049 sum
499 2994 727 3063 justum,
750 2995 839 3064 qui
875 3005 1053 3048 exorat
1095 3010 1188 3062 pro
1242 2993 1464 3063 peccatis
1498 2992 1686 3044 nostris
1714 2989 1764 3062 (I
1786 2989 1945 3044 Joan.

363 3105 408 3153 ι,
429 3087 652 3157 "illaec
677 3103 806 3158 ergo
829 3103 859 3141 a
889 3089 1042 3166 nobis
1071 3087 1125 3142 in
1159 3087 1262 3146 hoc
1293 3086 1432 3150 loco,
1465 3094 1623 3155 prout
1651 3083 1942 3153 potuimus,

362 3180 612 3236 discussa
660 3187 786 3234 sunt
821 3177 1284 3240 considerantibus
1309 3177 1472 3234 etiam
1518 3175 1664 3240 illud,
1691 3174 1831 3244 quod
1861 3173 1944 3227 di-

2044 1981 2216 2036 chiele
2238 1986 2494 2052 propheta
2513 1985 2733 2057 (Ezech.
2767 1988 2976 2060 χχχιιι),
3009 1983 3314 2056 pastoribus
3336 1989 3627 2059 imputatur

2041 2076 2185 2142 quod
2219 2074 2488 2130 inﬁrmum
2526 2092 2632 2131 non
2659 2078 3069 2150 colligaverunt,
3117 2089 3174 2134 et
3203 2083 3345 2150 quod
3387 2083 3625 2152 perierat

2045 2183 2153 2221 non
2179 2168 2528 2235 quaesierunt,
2573 2179 2631 2223 et
2667 2185 2762 2240 per
2788 2187 2953 2240 pauca
2991 2171 3102 2239 ipse
3150 2173 3407 2227 Dominus
3451 2174 3623 2228 dicit":

2048 2259 2114 2312 Et
2152 2260 2289 2330 quod
2329 2261 2501 2330 periit,
2535 2261 2731 2331 inquit,
2779 2277 2871 2332 ego
2916 2264 3196 2332 requiram.
3243 2253 3626 2320 Verumtamen

2047 2349 2439 2418 observandum
2479 2359 2563 2406 est
2632 2351 2774 2421 quod
2818 2351 2870 2405 in
2913 2349 2998 2405 his
3047 2353 3299 2406 omnibus
3354 2368 3627 2421 nunquam

2046 2440 2188 2496 Dens
2218 2442 2448 2511 aliquem
2474 2443 2672 2497 dicitur
2697 2443 3008 2513 perdidisse,
3049 2444 3141 2499 sed
3173 2444 3543 2514 unusquisque
3562 2460 3631 2500 ex

2048 2548 2105 2587 se
2134 2533 2240 2603 pati
2295 2535 2396 2588 hoc
2422 2535 2562 2603 quod
2591 2535 2770 2602 periit,
2826 2546 2879 2590 et
2901 2535 2953 2588 in
2977 2535 3080 2589 hoc
3103 2535 3218 2604 ipso
3243 2526 3362 2600 ait,"
3384 2537 3495 2589 sine
3523 2535 3631 2606 lege

2043 2625 2306 2694 peribunt,
2325 2636 2372 2678 et
2395 2627 2525 2680 venit
2543 2624 2714 2679 Filius
2736 2626 2956 2681 hominis
2975 2643 3205 2697 quaerere
3225 2627 3365 2697 quod
3383 2623 3629 2696 perierat,

2048 2732 2152 2771 non
2167 2717 2307 2788 quod
2329 2717 2655 2786 perdiderat,
2681 2725 2736 2772 et
2757 2717 2823 2772 ad
2845 2732 2970 2772 oves
2992 2718 3232 2786 perditas
3253 2718 3445 2771 domus
3468 2716 3633 2773 Israel

2048 2824 2155 2863 non
2197 2824 2332 2877 quas
2377 2807 2710 2878 perdiderat,
2741 2816 2795 2863 et
2835 2823 2958 2863 cum
2989 2809 3102 2879 ipse
3150 2807 3408 2863 Dominus
3459 2807 3628 2863 dicit:

2049 2900 2261 2966 Omnes,
2293 2901 2486 2970 inquit,
2512 2916 2638 2970 quos
2659 2900 2848 2954 dedisti
2880 2901 3006 2955 mihi
3032 2902 3254 2965 servavi,
3282 2912 3329 2954 et
3354 2899 3531 2954 nullus
3568 2915 3635 2957 ea:

2047 2983 2120 3046 eis
2149 2995 2301 3063 periit
2335 2993 2514 3064 (Joan.
2557 2996 2716 3064 xvn),
2763 3012 2867 3051 non
2901 2997 3034 3052 dixit
3063 2997 3279 3055 nullout.
3302 3015 3367 3053 ex
3395 2998 3474 3051 eis
3507 2995 3632 3067 per-

2049 3081 2178 3138 didi.
2233 3083 2373 3140 Sane
2399 3086 2570 3141 sicubi
2609 3089 2836 3156 perdere
2862 3089 3004 3142 Deus
3043 3088 3263 3153 dicitur,
3313 3105 3412 3158 pro
3451 3103 3635 3158 repro-

2051 3173 2179 3229 bare
2210 3175 2397 3246 magis,
2454 3177 2698 3230 invenies
2727 3175 2932 3231 dictum
2978 3177 3116 3231 sicut
3145 3192 3266 3230 cum
3296 3177 3428 3230 dicit
3455 3191 3470 3230 :
3505 3177 3634 3232 Per-

363 3273 448 3329 cit
467 3273 773 3344 Apostolus,
809 3289 876 3330 an
903 3272 1206 3330 indecorum
1253 3271 1394 3330 Dens
1425 3280 1656 3344 tantum,
1689 3286 1868 3326 nonne
1891 3278 1945 3324 et
1975 3235 2019 3296 δ
2049 3265 2173 3320 dam
2204 3235 2520 3335 sapientiori:
2555 3268 2899 3335 sapientium,
2963 3275 3016 3322 et
3048 3268 3373 3321 intellectum
3405 3269 3637 3338 pruden-

363 3365 650 3436 gentium?
687 3365 801 3418 lmo
845 3373 900 3420 et
933 3365 1200 3433 gentium,
1241 3371 1300 3417 ut
1341 3378 1441 3432 per
1485 3364 1602 3419 tunc
1645 3362 1947 3435 evidentior

362 3457 468 3512 ﬁat
516 3455 840 3524 explanatio,
899 3455 1170 3523 quomodo
1222 3451 1390 3512 ιιιόωί
1442 3452 1698 3522 primum,
1754 3450 1949 3506 deinde

363 3545 542 3604 Graeci
575 3553 848 3615 ponuntur
873 3544 940 3600 ab
968 3543 1247 3612 Apostolo,
1276 3544 1369 3604 sed,
1404 3551 1608 3604 tantum
1639 3542 1691 3603 in
1723 3543 1948 3600 arbitrio

364 3636 598 3708 legentis
627 3635 694 3689 sit
711 3635 940 3704 probam
965 3651 1084 3704 qua:
1117 3635 1258 3689 dicta
1289 3643 1431 3698 sunt,
1461 3650 1559 3696 nos
1589 3642 1768 3694 autem
1797 3632 1949 3702 plura

369 3726 694 3783 adduximus
720 3725 773 3778 in
803 3733 1109 3788 tractatum,
1140 3739 1207 3777 ne
1233 3725 1359 3793 quid
1394 3725 1459 3778 de
1501 3723 1740 3794 Apostoli
1788 3738 1951 3778 sensu

369 3819 734 3875 indiscussum
760 3817 1073 3886 relinquere
1100 3816 1426 3884 videremur.

447 3910 751 3980 Quicunque
785 3909 920 3962 enim
962 3909 1073 3962 sine
1109 3907 1215 3977 lege
1252 3914 1622 3978 peccaverunt,
1685 3907 1797 3960 sine
1843 3905 1952 3976 lege

370 4001 629 4074 peribunt.
684 4000 964 4066 Quomodo
1003 4007 1180 4069 potest
1233 3999 1348 4065 sine
1378 3998 1494 4068 lege
1535 3998 1770 4067 peccari,
1827 4013 1951 4052 cum

371 4104 559 4146 omnes
594 4090 748 4156 simul
796 4089 994 4161 subditi
1050 4090 1216 4154 simus
1262 4089 1362 4159 legi
1416 4088 1687 4152 naturali?
1740 4087 1846 4143 Sed
1887 4089 1952 4144 de

371 4183 571 4254 Moysis
585 4182 702 4252 lege
716 4181 864 4248 dicit,
885 4183 966 4238 cui
984 4180 1150 4250 Judaei
1165 4182 1381 4248 obnoxii
1407 4190 1551 4248 sunt,
1571 4181 1693 4234 dum
1709 4196 1812 4234 non
1835 4196 1954 4236 cre-

372 4275 526 4335 dunt,
551 4287 650 4326 nec
673 4289 777 4328 non
799 4281 854 4327 et
871 4272 1117 4343 gentiles,
1139 4273 1230 4327 sed
1247 4273 1592 4343 jamdudum;
1620 4272 1741 4342 quia
1767 4271 1953 4340 adjun-

371 4381 497 4437 gere
519 4382 576 4421 se
599 4365 672 4420 illi
696 4365 998 4420 noluerunt.
1020 4363 1136 4418 Non
1160 4366 1439 4420 credentes
1461 4379 1590 4431 ergo
1609 4364 1836 4434 gentiles
1852 4365 1951 4418 du-

370 4457 707 4527 plicigenerc
729 4457 864 4510 ﬁunt
880 4455 974 4515 rei,
997 4456 1123 4525 quia
1150 4471 1323 4524 neque
1347 4456 1446 4526 legi
1464 4456 1601 4514 data:
1625 4471 1718 4525 per
1735 4455 1951 4528 Moysen

321 4557 338 4574 '
373 4557 740 4608 assenscrunt,
776 4561 951 4615 neque
971 4545 1171 4613 Christi
1201 4546 1427 4616 gratiam
1459 4554 1801 4614 receperunt,
1827 4546 1947 4599 ideo

375 4640 593 4709 dignum
641 4646 725 4692 est
775 4647 837 4705 ut
865 4645 1106 4707 pereant.
1162 4637 1330 4706 Igitur
1376 4637 1516 4692 sicut
1542 4638 1634 4706 qui
1678 4638 1794 4692 sine
1831 4637 1948 4707 lege

372 4728 816 4800 peccat,peribit,
847 4729 919 4782 ita
953 4737 1008 4781 et
1031 4730 1118 4797 qui
1153 4730 1268 4783 sine
1296 4728 1601 4797 legelegem
1629 4729 1946 4793 servaverit,

367 4821 756 4894 justiﬁcabitur
794 4839 805 4871 :
829 4821 1092 4890 justitiam
1136 4820 1454 4897 naturaliter
1490 4836 1714 4878 servans
1764 4829 1949 4876 custos

374 4913 510 4983 legis
538 4921 652 4978 est;
706 4910 750 4965 si
777 4912 921 4966 enim
935 4911 1081 4981 justo
1108 4927 1210 4964 non
1237 4922 1310 4964 est
1334 4910 1416 4965 leaf
1441 4912 1606 4980 posita
1640 4910 1690 4982 (1
1718 4910 1852 4965 Tim.
1879 4910 1947 4981 l),

376 5006 470 5060 sed
499 5003 740 5074 iniustis;
772 5003 863 5072 qui
893 5018 997 5076 non
1029 5011 1232 5072 peccat,
1277 5003 1481 5057 amicus
1521 5003 1659 5073 legis
1681 5012 1793 5068 est;
1822 5005 1950 5060 huic

377 5094 489 5150 sola
516 5095 645 5150 ﬁdes
688 5094 856 5158 deest,
909 5108 1004 5162 per
1029 5107 1190 5161 quam
1216 5092 1304 5146 ﬁat
1339 5093 1626 5162 perfectus,
1663 5095 1788 5162 quia
1818 5094 1951 5150 nihil

377 5187 615 5254 proderit
658 5185 730 5239 illi
773 5183 911 5253 apud
939 5182 1224 5250 Dominum
1278 5183 1546 5238 abstinere
1574 5199 1608 5246 .a
1639 5183 1949 5258 contrariis,

379 5276 484 5329 nisi
508 5276 662 5332 ﬁdem
689 5277 743 5330 in
773 5277 938 5352 Deum
981 5274 1269 5343 acceperit,
1293 5282 1355 5337 ut
1389 5273 1655 5341 sitjustus
1679 5288 1776 5343 per
1797 5282 1950 5330 utra-

379 5379 506 5433 que,
556 5368 675 5435 quia
703 5367 787 5420 illa
821 5367 1077 5440 temporis
1098 5365 1306 5434 justitia
1326 5376 1426 5430 est,
1458 5368 1574 5422 haec
1607 5367 1948 5424 aeterni-tatis.

375 5453 578 5527 (Orig)
607 5455 758 5523 Quod
787 5472 910 5524 vero
936 5459 1181 5527 graviore
1206 5460 1472 5521 sententia
1500 5459 1708 5526 percuti
1738 5460 1952 5515 videtur

374 5544 422 5600 is
472 5545 568 5615 qui
616 5547 733 5601 sine
781 5547 896 5617 lege
974 5549 1301 5617 peccaverit,
1370 5549 1624 5617 quoniam
1673 5549 1951 5619 periturus

373 5636 773 5708 pronuntiatur,
840 5652 963 5704 cum
1010 5639 1192 5707 utique
1264 5647 1320 5694 et
1365 5640 1712 5708 miseratione
1760 5642 1953 5710 aliquis

375 5725 576 5793 dignus
600 5727 856 5789 videatur,
880 5728 970 5799 qui
997 5725 1262 5800 adiutorio
1294 5744 1400 5786 non
1423 5746 1552 5788 usus
1584 5740 1669 5786 est
1687 5733 1841 5802 legis,
1873 5733 1952 5786 vi-

378 5819 605 5876 deamus
631 5836 699 5876 ne
722 5819 850 5890 quid
874 5819 1092 5888 iterum,
1124 5829 1182 5876 ut
1211 5821 1266 5878 in
1301 5824 1512 5880 caeteris
1537 5824 1840 5892 docuimus,
1875 5825 1954 5881 di-

1975 4596 2026 4656 D

2045 3356 2180 3422 tium
2212 3357 2532 3427 reprobabo.
2581 3359 2735 3424 Quod
2781 3367 2964 3416 autem
2997 3357 3126 3412 dicit
3157 3359 3278 3428 quia
3306 3369 3554 3429 quotquot
3577 3357 3636 3413 in

2045 3448 2157 3517 lege
2179 3463 2534 3517 peccaverunt,
2561 3467 2651 3519 per
2681 3450 2842 3520 legem
2876 3437 3540 3520 judicabunmr,intuere,
3568 3457 3635 3505 n‘e

2049 3536 2187 3591 forte
2228 3539 2521 3592 secundum
2567 3540 2834 3594 vindictas
2883 3543 2979 3593 has
3015 3556 3135 3608 quae
3181 3541 3234 3594 in
3286 3542 3400 3611 lege
3434 3542 3637 3611 scripta

2049 3635 2198 3690 sunt,
2243 3628 2438 3696 quibus
2462 3629 2756 3698 agebantur
2789 3629 3013 3698 judicia,
3064 3631 3153 3685 ubi
3182 3631 3408 3701 lapidari
3453 3633 3534 3686 vel
3575 3635 3627 3686 in

2051 3718 2230 3789 ignem
2265 3720 2422 3783 tradi,
2474 3719 2556 3774 vel
2589 3720 2861 3774 civitatem
2887 3719 3076 3791 refugii
3108 3722 3256 3774 adire
3285 3722 3368 3775 vel
3394 3722 3495 3774 alia
3533 3724 3634 3776 llll-

2047 3808 2282 3879 jusmodi
2302 3808 2769 3880 patijubebantur,
2801 3813 2874 3866 ita
2907 3813 3052 3866 sitet
3076 3812 3337 3881 judicium
3368 3812 3633 3878 futurum,

2050 3905 2306 3974 quoniam
2365 3905 2579 3973 quidem
2613 3914 2736 3976 typo
2783 3915 2837 3959 et
2874 3906 3078 3958 umbrae
3119 3905 3420 3959 cuhlestium
3458 3907 3638 3960 deser-

2052 3998 2168 4052 vire
2192 3997 2445 4052 dicuntur
2484 3996 2561 4060 hi,
2601 3996 2691 4066 qui
2715 3999 2814 4052 sub
2847 3998 2960 4068 lege
2983 4006 3129 4062 sunt,
3185 4013 3250 4052 ne
3276 3997 3419 4052 forte
3473 3997 3635 4053 simili

2053 4090 2283 4160 quadam
2321 4091 2528 4143 ratione
2553 4097 2744 4159 agatur
2771 4101 2825 4143 et
2849 4089 2962 4157 jam
3015 4091 3252 4147 futurum
3276 4090 3538 4158 judicium
3583 4093 3634 4145 in

2053 4195 2148 4235 eos
2173 4182 2262 4250 qui
2291 4181 2626 4250 prmvarieati
2660 4179 2861 4235 fuerint
2890 4183 3081 4253 legem.
3116 4180 3312 4253 (Oi-ig.)
3342 4182 3474 4236 Cum
3505 4199 3632 4253 ergo

2051 4272 2295 4339 diversas
2324 4273 2375 4326 in
2410 4270 2706 4341 Scripturis
2735 4271 2838 4326 dici
2870 4272 3124 4327 claruerit
3147 4271 3312 4344 leges,
3359 4275 3403 4328 si
3435 4275 3555 4343 quis
3585 4276 3636 4328 in

2055 4373 2264 4417 tantum
2311 4378 2500 4418 omnes
2519 4363 2620 4418 bas
2647 4362 2926 4435 refugerit,
2968 4373 3026 4418 ut
3049 4365 3211 4418 etiam
3237 4365 3500 4419 naturalis
3524 4367 3636 4436 ipsa

2053 4453 2138 4508 lex
2163 4469 2281 4522 quae
2314 4454 2444 4508 nulli
2491 4455 2604 4510 fere
2653 4454 2824 4519 deest,
2871 4455 2955 4510 vel
2983 4472 3080 4525 per
3106 4456 3359 4510 duritiam
3413 4456 3494 4511 vel
3541 4473 3638 4527 per

2055 4547 2465 4601 crassitudinem
2527 4545 2704 4601 cordis
2765 4549 3049 4603 obliterata
3082 4550 3133 4602 in
3173 4565 3238 4604 eo
3280 4551 3544 4613 videatur,
3583 4558 3640 4605 et

2053 4637 2270 4700 abolita,
2319 4637 2384 4691 de
2417 4638 2521 4692 isto
2545 4645 2720 4705 potest
2752 4639 2924 4693 videri
2956 4641 3155 4693 dictum
3203 4633 3347 4709 quod
3377 4641 3493 4694 sine
3523 4641 3637 4711 lege

2053 4735 2270 4796 pereat;
2297 4725 2618 4794 iudicandus
2643 4743 2772 4780 vero
2799 4743 2893 4797 per
2920 4728 3088 4796 legem
3113 4729 3322 4782 dicatur
3351 4729 3395 4781 is
3424 4729 3513 4797 qui
3537 4729 3636 4783 sub

2054 4815 2170 4885 lege
2194 4818 2342 4882 vivit,
2381 4819 2506 4886 quia
2537 4827 2592 4872 et
2610 4818 2896 4888 Apostolus
2921 4830 3256 4874 contestatur
3283 4836 3498 4875 omnem
3532 4822 3638 4874 eir-

2004 4947 2010 4953 .
2052 4909 2450 4962 eumcidentcm
2511 4925 2589 4973 se,
2651 4911 2774 4978 quia
2820 4911 3032 4966 debitor
3080 4913 3148 4964 sit
3203 4911 3466 4965 universae
3504 4912 3638 4982 legis

2055 4998 2314 5054 facienda:
2361 4999 2502 5068 (Cal.
2548 5000 2622 5069 v).
2663 4998 2842 5072 (Anq)
2891 4999 3022 5068 Quis
3069 5002 3264 5055 audeat
3299 5002 3500 5069 dicere,
3546 5001 3638 5057 Ju-

2057 5092 2223 5156 daeos,
2274 5093 2364 5161 qui
2408 5093 2459 5146 in
2489 5093 2605 5164 lege
2629 5103 2860 5162 peccant
2907 5109 3012 5147 non
3038 5108 3156 5148 esse
3189 5095 3477 5163 perituros,
3513 5110 3634 5149 cum

2055 5184 2110 5238 in
2149 5183 2424 5237 Christum
2451 5199 2554 5237 non
2582 5185 2926 5248 crediderint,
2982 5184 3416 5254 quandoquidem
3441 5184 3506 5240 de
3531 5183 3635 5240 illis

2057 5273 2257 5329 dictum
2283 5282 2382 5336 est,
2414 5291 2512 5343 per
2534 5275 2703 5345 legem
2732 5274 3116 5342 iudicabuntur
3143 5285 3202 5330 ut
3223 5277 3481 5345 pereant?
3505 5277 3635 5331 Nam

2052 5366 2102 5421 si
2142 5365 2296 5436 pejor
2334 5367 2440 5422 erit
2484 5368 2723 5422 conditio
2765 5369 3117 5423 nescientium
3150 5385 3310 5438 quam
3354 5369 3635 5423 scientium

2053 5457 2228 5526 legem
2259 5457 2380 5522 Dei,
2435 5460 2686 5528 quoniam
2726 5475 2912 5514 verum
2947 5462 3051 5515 erit
3087 5461 3229 5532 quod
3264 5451 3317 5516 in
3351 5461 3640 5528 Evangelia

2055 5548 2318 5604 Dominus
2369 5550 2486 5602 ait:
2532 5549 2720 5604 Servus
2759 5550 2845 5621 qui
2883 5553 3042 5605 nescit
3077 5551 3391 5605 veluntatem
3439 5543 3639 5602 domini

2055 5643 2158 5707 sui,
2190 5654 2239 5696 et
2263 5643 2385 5712 facit
2412 5644 2569 5713 digna
2589 5644 2755 5714 plagis
2777 5644 3037 5714 vapulabit
3066 5646 3245 5714 paucis
3270 5642 3418 5713 (Luc.
3444 5639 3565 5710 xu).
3617 5639 3624 5644 ’

2131 5735 2200 5790 Et
2217 5737 2522 5808 'quicunque
2550 5733 2603 5791 in
2631 5737 2738 5807 lege
2759 5749 3116 5808 peccaverunt,
3141 5755 3232 5807 per
3252 5735 3408 5804 legem
3423 5733 3640 5802 judica-

2059 5828 2271 5882 lumtur.
2323 5825 2559 5900 (Ambr.)
2603 5827 2866 5896 Quoniam
2917 5827 3083 5884 Judaei
3117 5828 3285 5897 legem
3324 5821 3538 5888 habent,
