4056 6336
308 379 445 448 1521

879 370 1428 462 mensumsex
1460 369 1530 428 IN
1565 369 1714 430 ere.
1755 367 1912 451 PAUl

2009 368 2124 427 un
2145 367 2242 452 lu.
2263 399 2331 412 .-
2363 371 2428 428 IN
2463 371 2692 436 EPlST.-
2719 373 2816 429 AD
2835 372 3017 444 seu.

3420 380 3561 438 ιδῃ

307 471 419 549 non
474 489 774 564 credentes.
831 483 1091 558 Superius
1145 484 1290 539 enim
1341 484 1409 540 de
1456 482 1704 554 gentibus
1747 489 1883 538 ‘cre—
1909 487 1966 550 Α
1987 480 2258 538 discutere
2307 484 2527 556 appetit,
2568 484 2682 555 jam
2730 500 2828 555 pro
2875 484 3037 556 culpa
3079 488 3325 556 punitum
3365 493 3562 552 cernit.

311 581 562 650 dentibus
597 579 760 646 dicit,
797 588 989 649 postea
1025 585 1204 632 autem
1247 573 1475 647 subjecit
1507 575 1673 630 etiam
1703 572 1769 629 de
1807 573 1893 648 his

311 674 557 748 gentibus
593 687 714 744 quae
748 687 856 727 non
884 669 1218 738 credunt,-ut
1252 669 1392 723 sicut
1429 667 1591 722 etiam
1635 679 1734 736 per
1763 681 1894 722 con-

311 765 594 821 scientiam
622 779 776 819 suam
801 761 1086 816 laudantur
1113 759 1414 823 credentes,
1453 758 1528 812 ita
1553 765 1610 811 et
1651 771 1748 827 per
1765 771 1896 812 con-

311 856 593 912 scientiam
637 869 788 908 suam
827 858 1148 906 accusentur
1172 846 1488 904 dillidentes.
1549 847 1687 902 Puto
1729 845 1896 902 etiam

313 945 392 1000 sic
412 959 570 1012 posse
599 940 846 1011 intelligi,
875 939 922 994 si
950 946 1063 993 tota
1113 938 1340 1008 quaestio
1376 937 1442 992 de
1464 937 1715 1014 gentibus
1768 950 1898 1016 cret

313 1031 564 1090 dentibus
594 1028 794 1086 dixisse
817 1021 1120 1096 eradatur,
1152 1021 1406 1099 quoniam
1435 1017 1578 1098 quod
1611 1028 1726 1082 ait:
1756 1025 1896 1093 Quid

313 1124 439 1178 mihi
461 1123 524 1176 de
543 1123 625 1177 Itis
644 1120 734 1192 qui
753 1119 882 1189 foris
903 1130 1023 1174 sunt
1031 1119 1274 1190 judicare
1291 1120 1316 1173 7
1335 1118 1385 1190 (I
1401 1118 1523 1174 Cor.
1550 1115 1627 1192 ν.)
1659 1117 1728 1198 ξι
1749 1129 1764 1173 :
1793 1115 1916 1194 Qui.

245 1380 248 1383 _
313 1319 369 1366 et
397 1309 521 1380 quia
548 1327 652 1364 non
679 1319 944 1378 resurgent
972 1308 1120 1379 impii
1146 1308 1200 1361 in
1220 1307 1427 1377 judicio
1469 1304 1642 1378 (Psal.
1677 1304 1738 1378 ι).
1771 1304 1901 1360 Sine

273 1419 280 1424 ·
314 1402 430 1474 lege
467 1402 614 1458 enim
649 1395 973 1471 peccantes!
991 1402 1108 1455 sine
1153 1399 1274 1470 lege
1297 1406 1352 1454 et
1377 1395 1652 1470 peribunt,
1695 1413 1760 1453 ac
1802 1411 1900 1468 per

313 1497 418 1552 hoc
445 1504 570 1550 ante
595 1494 830 1549 tribunal
855 1491 1057 1548 Christi
1095 1499 1241 1547 stare
1264 1505 1373 1546 non
1399 1498 1674 1562 poterunt,
1697 1491 1754 1544 et
1779 1488 1905 1544 red-

315 1589 444 1644 dere
471 1602 682 1650 causas,
743 1586 867 1655 quia
895 1591 1242 1655 resurgentes
1291 1582 1558 1638 ducentur
1603 1582 1672 1636 ad
1701 1581 1904 1652 gehen-

315 1669 462 1734 nami
531 1679 610 1734 illi
637 1675 781 1733 enim
831 1690 970 1748 quos
1013 1676 1150 1730 dicit
1198 1672 1430 1730 invicem
1484 1672 1905 1745 cogitationibus

237 1811 243 1818 .
314 1773 429 1828 suis
461 1770 707 1826 accusari
754 1777 847 1824 aut
877 1767 1094 1823 defendi
1144 1767 1202 1821 in
1250 1766 1336 1821 die
1369 1765 1561 1834 judicii
1599 1765 1718 1829 Dei,
1741 1763 1906 1820 Chri-

2065 571 2127 628 Si
2147 583 2319 630 autem
2343 585 2401 628 tu
2413 573 2634 632 ludatis
2659 576 3066 646 cognominem.
3097 578 3334 651 (Ambnl
3357 581 3568 654 Coget»

1993 675 2118 718 men
2161 660 2329 720 Judaei
2357 672 2460 730 est,
2505 665 2636 735 quia
2663 681 2731 722 ex
2759 668 3118 739 praerogativa
3138 682 3426 740 parentum
3459 683 3563 742 est,

1994 762 2053 808 ut
2089 753 2339 809 dicantur
2372 754 2649 824 lsraelitm,
2697 766 2756 812 et
2793 766 2983 820 tamen
3027 761 3073 818 si
3113 767 3286 820 totum
3311 765 3569 834 :velimus

1995 845 2140 914 quod
2165 845 2232 900 ad
2262 861 2478 904 causam
2499 848 2764 918 pertinet,
2779 852 3574 927 comprehenderemognomat

1979 937 2270 1016 tripartito
2297 953 2493 1010 genere
2542 941 2916 1011 signiﬁcatum.
2949 946 3216 1005 debemus
3235 951 3572 1009 .advartere.

1995 1026 2236 1082 Primum
2258 1029 2386 1099 quia
2411 1029 2505 1084 ﬁlii
2527 1039 2650 1084 sunt
2673 1031 2920 1096 Abrahae,
2948 1037 3038 1104 qui
3062 1053 3160 1108 per
3180 1037 3304 1095 ﬁdei
3325 1055 3436 1096 sua:
3464 1057 3579 1100 tne-

1943 1133 1962 1184 χ
1989 1115 2164 1184 ritum
2195 1127 2350 1190 pater
2368 1119 2578 1190 pasltus
2602 1129 2686 1176 est
2709 1129 3322 1198 cunctarum'gentium.
3375 1130 3582 1188 Deinde

315 1235 418 1272 non
438 1217 737 1282 crediderit,
785 1216 978 1286 inquit,
1023 1215 1140 1286 jam
1178 1215 1451 1285 judieatus
1472 1224 1546 1269 est
1574 1212 1760 1286 (Ioan.
1789 1211 1898 1284 ιιι),
1939 1223 1946 1228 ·

1995 1215 2219 1278 propter
2241 1199 2434 1276 Jacob,
2481 1203 2576 1280 qui
2603 1216 3014 1284 augmentandae
3053 1217 3178 1273 ﬁdei
3213 1222 3385 1292 gratia
3417 1223 3583 1280 lsrael

1958 1360 1962 1362 ,
1999 1302 2297 1372 appellatus
2319 1311 2403 1358 est
2424 1321 2439 1358 :
2464 1313 2644 1376 empta
2659 1306 2802 1360 enim
2823 1308 2994 1386 patris
3013 1310 3246 1384 dignitas
3269 1315 3586 1372 nobilitatur

2001 1392 2056 1446 in
2085 1392 2228 1449 ﬁliis.
2280 1393 2466 1450 Tertio
2495 1411 2603 1450 non
2636 1397 2810 1470 magis
2838 1409 3059 1470 propter
3087 1399 3302 1471 Judam,
3330 1407 3427 1478 sed
3449 1424 3582 1480 pro-

1999 1493 2123 1556 pter
2144 1483 2440 1568 Christum,
2473 1488 2598 1559 quia
2622 1504 2689 1545 ex
2714 1487 2850 1545 Iuda
2873 1503 3025 1548 ortus
3046 1503 3129 1550 est
3153 1498 3450 1562 secundum
3470 1517 3593 1560 cas-

2001 1589 2150 1642 nem,
2179 1573 2350 1632 Judzei
2371 1580 2843 1650 cognominantur,
2877 1583 3001 1653 quia
3033 1585 3087 1640 in
3112 1584 3250 1642 Juda
3274 1589 3380 1645 hoc
3409 1591 3588 1666 signi,-

2003 1668 2223 1724 ﬁcatum
2250 1678 2334 1724 est
2353 1669 2498 1743 quod
2521 1667 2762 1728 futurum
2783 1683 2902 1730 erat
2926 1675 2980 1729 in
3011 1675 3248 1746 Christo.
3268 1677 3594 1752 Dictumest

2005 1761 2186 1816 enim:
2217 1759 2389 1817 ludas
2419 1764 2517 1818 erit
2537 1764 2648 1818 dua:
2671 1775 2872 1831 vester;
2900 1775 2956 1822 et
2985 1785 2997 1821 :
3026 1767 3194 1836 Iuda,
3217 1781 3266 1825 te
3287 1773 3592 1846 collaudatis

313 1864 474 1918 stiaui
506 1872 632 1917 sunt
652 1862 706 1916 hi
732 1861 825 1931 qui
851 1860 1163 1915 diswrdam
1190 1857 1343 1913 δῆσε
1368 1833 1666 1921 Catholica,
1693 1833 1985 1911 diverse-33
2011 1851 2202 1923 fratrea
2248 1851 2326 1906 mi
2375 1851 2528 1924 (Gen.
2558 1855 2754 1924 mx);
2795 1873 2922 1938 qua:
2967 1857 3086 1915 laus
3129 1833 3255 1916 data
3294 1861 3447 1936 Iudae
3473 1833 3598 1932 non

313 1955 615 2011 sentientes
662 1951 990 2021 deChris'to,
1039 1957 1132 2005 aut
1174 1951 1241 2005 de
1269 1961 1429 2005 sensu
1470 1949 1602 2019 legis
1652 1949 1706 2003 in
1737 1945 1906 2004 tradi-

315 2046 468 2100 tione
502 2043 793 2109 Ecclesiae,
847 2043 961 2098 sive
995 2040 1384 2112 Cataphryges,
1445 2041 1558 2096 sive
1599 2038 1904 2107 Novatiani,

313 2135 427 2190 sive
459 2133 764 2212 Donatiani,
789 2141 897 2188 aut
917 2131 1099 2188 caeteri
1131 2131 1373 2187 haeretici
1404 2150 1418 2186 :
1461 2133 1655 2186 horum
1703 2130 1908 2212 cogita-

314 2208 490 2281 tiones
528 2226 764 2280 invicem
805 2237 864 2279 se
890 2223 1224 2282 accusabunt
1266 2223 1320 2276 in
1345 2221 1438 2278 die
1459 2220 1673 2291 judicii.
1733 2220 1792 2276 Si
1827 2208 1911 2276 in-

315 2317 517 2372 tellexit
568 2317 691 2387 quis
727 2329 912 2370 veram
965 2329 1086 2371 esse
1132 2314 1465 2370 Catholicam
1509 2313 1690 2382 ﬁdem,
1739 2325 1793 2370 et
1839 2329 1912 2371 ne

314 2407 594 2462 videretur
618 2405 942 2461 emendatus
976 2404 1128 2474 sequi
1159 2403 1352 2468 noluit,
1379 2404 1712 2459 erubescens
1757 2403 1826 2458 ab
1845 2413 1912 2459 eo

315 2500 460 2568 quod
511 2499 602 2554 diu
642 2499 815 2553 tenuit
844 2498 1116 2562 recedere,
1169 2497 1225 2550 in
1249 2497 1335 2552 die
1359 2497 1548 2566 judicii
1585 2495 1915 2567 cogitatione

312 2605 410 2646 sua
458 2591 820 2647 accusabitur.
857 2590 983 2644 Duae
1012 2589 1211 2645 etenim
1238 2588 1593 2660 cogitationes
1620 2587 1673 2642 in
1697 2587 1916 2644 homine

313 2695 374 2737 se
399 2680 629 2736 invicem
668 2681 1020 2746 accusabunt,
1042 2681 1181 2734 bona
1216 2686 1271 2734 et
1311 2679 1471 2734 mala.
1497 2675 1645 2734 Bona
1697 2686 1918 2734 accusat

313 2772 534 2839 malam,
553 2771 680 2842 quia
698 2771 1028 2827 contradixit
1045 2771 1156 2826 veri
1165 2771 1291 2836 tati;
1317 2771 1458 2824 mala
1482 2769 1679 2825 iterum
1700 2777 1920 2825 accusat

291 2865 534 2936 bonam,
565 2864 690 2936 quia
717 2879 825 2919 non
851 2872 1034 2918 secuta
1049 2871 1152 2928 est,
1171 2872 1229 2917 ut
1257 2863 1457 2927 sensit;
1486 2871 1544 2916 et
1555 2877 1651 2932 per
1664 2863 1777 2917 haec
1797 2875 1920 2916 eon-

313 2957 562 3012 stituitur
583 2971 733 3022 reus,
755 2955 848 3026 qui
868 2956 1130 3026 cogitavit
1156 2955 1396 3011 sentiens
1425 2956 1622 3010 bonam
1644 2965 1701 3011 et
1731 2969 1920 3012 veram

314 3065 438 3106 esse
459 3037 757 3105 Ecclesium
784 3049 1137 3112 Catholicam,
1151 3056 1206 3103 et
1231 3048 1532 3118 permansit
1548 3049 1601 3102 in
1623 3048 1816 3104 haeresi
1835 3049 1922 3104 vel

313 3140 646 3198 schismate:
696 3137 817 3208 ejus
840 3150 1022 3194 autem
1059 3138 1412 3210 cogitationes
1453 3153 1513 3194 se
1546 3138 1802 3206 invicem,
1827 3139 1921 3194 de-

2004 1943 2288 2017 probatur,
2341 1945 2434 2001 sed
2464 1943 2703 2014 Christo,
2753 1964 2914 2020 quem
2957 1943 3148 2032 omnes
3191 1956 3438 2026 quotidie
3471 1957 3600 2028 .laur

1974 2040 2138 2094 ,dant
2182 2037 2239 2095 hi
2284 2055 2420 2110 quos
2465 2037 2663 2096 fratres
2701 2056 2828 2097 suos
2863 2041 3115 2118 dignatus
3156 2055 3240 2102 est
3286 2046 3596 2120 appellare;

2009 2131 2125 2199 ipse
2176 2129 2322 2184 enim
2348 2129 2483 2186 dixit
2523 2131 2844 2187 mulieribus
2872 2149 2885 2186 :
2915 2132 3015 2188 Ite
3043 2144 3091 2188 et
3135 2135 3291 2191 dicite
3341 2138 3600 2212 fratribus

2011 2221 2164 2286 meis,
2217 2219 2343 2292 quia
2379 2220 2618 2292 prwcedo
2649 2238 2736 2277 vos
2756 2222 2811 2276 in
2837 2220 3117 2282 Galilazam
3141 2225 3356 2296 (Matth.
3377 2207 3596 2302 ιιιγιιι).

2013 2305 2146 2377 Quis
2177 2310 2322 2365 enim
2344 2325 2453 2364 non
2488 2310 2669 2365 laudet
2697 2327 2839 2390 eum,
2872 2311 3026 2384 cujus
3063 2315 3388 2372 beneﬁcium
3413 2317 3604 2392 [Forte

2011 2399 2300 2474 beneﬁcio]
2330 2400 2513 2457 vivit?
2561 2401 2850 2474 Apostolus
2896 2419 3025 2476 ergo
3073 2407 3172 2461 sub
3197 2408 3298 2464 hac
3324 2409 3604 2480 signiﬁca-

2015 2494 2162 2550 tione
2185 2537 2200 2562 ,
2237 2495 2363 2565 quia
2391 2497 2657 2567 posterior
2682 2512 2928 2562 numero,
2969 2498 3063 2554 sed
3086 2500 3383 2572 perfectior
3409 2502 3607 2558 merito

2014 2597 2117 2653 est,
2151 2597 2321 2644 totum
2355 2590 2525 2645 voluit
2559 2591 2938 2659 comprehendi
2972 2610 2984 2645 :
3017 2592 3160 2662 quod
3187 2593 3357 2650 Judaei
3381 2610 3490 2650 non
3519 2597 3608 2652 iu~

2017 2671 2340 2753 teiligentes,
2373 2697 2570 2738 nomen
2595 2683 2699 2737 sibi
2725 2682 2958 2737 carnalis
2989 2681 3142 2739 Judte
3169 2685 3482 2742 defendunt.

2090 2771 2159 2827 Et
2205 2773 2481 2844 requiescis
2510 2773 2565 2826 in
2595 2773 2724 2846 lege,
2754 2784 2800 2828 et
2827 2772 3084 2852 gloriaris
3111 2777 3165 2829 in
3214 2775 3345 2839 Deo,
3379 2786 3426 2830 et
3473 2777 3610 2834 nosti

2020 2864 2336 2934 uoluntatem
2366 2865 2500 2935 ejus,
2540 2875 2588 2919 et
2631 2863 2817 2936 probas
2855 2864 3068 2919 utiliora
3108 2867 3391 2922 instructus
3421 2886 3512 2940 per
3535 2868 3611 2934 le-

2021 2973 2155 3027 gem.
2184 2955 2301 3011 Non
2337 2968 2590 3029 magnum
2616 2955 2771 3012 valde
2796 2955 2966 3012 videri
3001 2957 3136 3022 vult,
3173 2958 3217 3014 si
3246 2957 3462 3016 Jttdmus
3491 2975 3607 3015 cre-

2023 3045 2142 3114 dat;
2165 3047 2361 3118 quippe
2393 3063 2516 3102 cum
2555 3046 2625 3102 sit
2655 3047 2952 3102 instructus
2979 3061 3078 3120 per
3106 3046 3277 3119 legem
3302 3065 3313 3100 :
3339 3049 3609 3120 periculi»

1977 3195 1986 3204 __
2025 3152 2144 3192 sum
2175 3146 2355 3195 autem
2391 3138 2548 3193 valde
2575 3137 2622 3193 si
2660 3155 2767 3194 non
2795 3139 3014 3204 credat;
3043 3138 3233 3194 ducem
3269 3139 3413 3194 enim
3447 3140 3613 3196 habet

311 3227 553 3297 tendent,
579 3231 674 3302 qui
701 3201 916 3302 semper
944 3231 1050 3287 hoc
1071 3201 1348 3301 cogitavit,
1387 3235 1585 3300 putans
1603 3229 1744 3286 ‘utile
1773 3201 1916 3301 quod
1943 3201 1989 3268 c
2019 3228 2214 3300 legem.
2241 3228 2348 3285 Sed
2373 3225 2434 3285 ut
2457 3241 2798 3302 praeponatur
2822 3201 3070 3296 credens,
3098 3230 3348 3286 meritum
3367 3230 3497 3286 facit
3517 3247 3614 3304 pa-

313 3333 534 3379 secutus
567 3331 690 3389 est;
735 3323 982 3378 dicturus
1009 3332 1095 3378 est
1142 3323 1287 3378 enim
1332 3337 1548 3393 semper
1577 3340 1591 3376 :
1622 3321 1683 3376 In
1708 3322 1918 3392 cogita-

314 3413 552 3470 tionibus
593 3413 732 3466 meis
763 3413 870 3467 hoc
910 3412 1095 3482 putavi
1141 3412 1274 3466 utile
1303 3412 1450 3480 quod
1497 3421 1716 3466 secutus
1769 3427 1914 3478 sum,

313 3503 433 3559 haec
468 3501 572 3557 fuit
621 3501 756 3556 ﬁdes
781 3516 925 3558 mea.
965 3501 1068 3556 llic
1102 3500 1362 3556 leviorem
1408 3501 1632 3556 habebit
1669 3512 1918 3569 causam,

315 3594 570 3664 quamvis
584 3590 986 3648 emendandum
1019 3592 1123 3658 sit,
1155 3591 1284 3661 quia
1311 3591 1645 3646 conscientia
1675 3605 1774 3646 sua
1807 3606 1918 3646 non

317 3685 666 3743 accusabitur
712 3682 772 3738 in
805 3681 896 3738 die
926 3679 1138 3750 iudicii.
1185 3679 1304 3736 Hoc
1333 3682 1496 3736 modo
1529 3681 1920 3752 iudicabuntur

316 3777 531 3833 occulta
560 3775 839 3831 hominum
870 3776 924 3829 in
949 3774 1036 3830 die
1055 3772 1244 3842 judicii
1275 3774 1367 3829 Dei
1406 3789 1505 3845 per
1529 3773 1712 3830 Jesum
1755 3775 1916 3830 Chri-

317 3878 463 3925 stum
495 3867 784 3923 Dominum
812 3874 1080 3923 nostrum.
1141 3865 1346 3938 (0rig.)
1393 3865 1622 3922 Rectum
1642 3865 1914 3935 judicium

316 3957 415 4016 Dei
439 3976 562 4016 esse
587 3961 713 4031 quis
741 3960 973 4026 dubitet,
999 3959 1090 4014 ubi
1119 3969 1492 4026 accusatores,
1518 3969 1573 4016 et
1599 3959 1917 4016 defensores

319 4051 666 4120 adhibentur,
695 4059 750 4106 et
775 4053 976 4108 testes?
999 4052 1070 4107 Et
1086 4051 1304 4122 quidem
1325 4053 1395 4108 de
1419 4052 1520 4108 hoc
1535 4051 1686 4121 justo
1709 4051 1917 4121 judicio

319 4159 422 4201 nos
443 4145 696 4201 homines
716 4145 996 4216 capiamus
1034 4144 1361 4216 exemplum,
1399 4159 1502 4201 nec
1536 4149 1788 4217 putemus
1816 4159 1919 4200 un-

318 4251 485 4309 quam
530 4237 648 4293 sine
677 4244 970 4293 accusante
1001 4233 1452 4302 aet'defendente,
1484 4239 1554 4292 'et
1579 4236 1806 4293 testibus
1824 4234 1920 4304 ju-

319 4341 466 4387 stum
507 4330 699 4390 haberi
742 4345 902 4400 posse
938 4329 1226 4400 judicium.
1282 4329 1488 4386 Deinde
1519 4327 1811 4386 videndum
1836 4335 1920 4384 est

319 4421 594 4492 quomodo
618 4413 673 4475 in
699 4420 789 4475 illa
811 4421 919 4485 die,
952 4434 1076 4475 cum
1098 4418 1364 4488 iudicabit
1393 4420 1538 4476 Deus
1574 4421 1785 4477 occulta
1819 4419 1917 4474 ιιος

2020 3329 2186 3386 trum,
2214 3323 2339 3393 quia
2370 3324 2616 3392 quamvis
2641 3322 2834 3393 aliquis
2869 3338 2967 3394 per
3008 3339 3068 3380 se
3099 3323 3313 3392 ﬂoreat,
3339 3326 3614 3386 erubescit

2022 3417 2204 3466 tamen
2236 3412 2289 3466 in
2327 3412 2463 3468 suis.

2090 3498 2427 3572 Conﬁdisque
2447 3511 2496 3556 te
2516 3503 2688 3573 ipsum
2728 3503 2914 3558 ducent
2960 3520 3072 3562 esse
3101 3522 3387 3573 .cmcorum,
3437 3508 3615 3564 lumen

2019 3604 2200 3644 eorum
2220 3585 2314 3660 'qui
2351 3591 2408 3644 in
2451 3591 2671 3645 tenebris
2699 3601 2842 3657 sunt,
2887 3595 3201 3649 eruditorem
3231 3598 3610 3668 insipientium,

2019 3683 2329 3754 magistrum
2372 3683 2676 3754 infamiam,
2701 3686 2996 3754 habentem,
3027 3687 3253 3757 formam
3293 3689 3522 3746 scientiw
3559 3699 3608 3744 et

2019 3775 2254 3829 veritatis
2285 3776 2340 3829 in
2370 3774 2499 3847 lege.
2525 3773 2665 3830 Vera
2690 3785 2817 3831 sunt
2842 3777 2977 3845 haec,
3009 3777 3136 3847 quia
3166 3763 3298 3850 legis
3323 3780 3616 3836 documen-

2019 3867 2274 3922 tumhoc
2320 3876 2434 3932 est,
2482 3867 2699 3922 erudire
2741 3866 3018 3939 imperitos
3068 3878 3124 3923 et
3180 3867 3289 3924 Deo
3341 3871 3611 3942 subjicere

2017 3957 2306 4030 profanos,
2361 3957 2446 4012 vel
2507 3959 2574 4013 ab
2619 3957 2935 4026 idololatria:
2980 3959 3190 4016 cultura
3245 3962 3436 4032 impios
3486 3981 3612 4036 pro-

2019 4049 2296 4115 missione,
2329 4063 2448 4120 quae
2477 4047 2619 4104 facta
2655 4063 2756 4121 per
2781 4048 2952 4122 legem
2989 4059 3089 4117 est,
3114 4048 3185 4105 ad
3215 4052 3451 4128 melioris
3495 4053 3613 4125 spei

2019 4136 2273 4194 ﬁduciam
2299 4133 2613 4208 prevocare.
2641 4137 2808 4194 Recte
2836 4138 2998 4208 igitur
3029 4142 3290 4212 gloriatur
3329 4141 3384 4196 in
3421 4142 3512 4212 his,
3536 4143 3614 4200 le-

2018 4231 2102 4302 gis
2125 4231 2340 4297 doctor,’
2373 4231 2500 4302 quia
2530 4230 2758 4287 formam
2796 4227 3016 4290 tradidit
3041 4234 3304 4298 veritatis.
3339 4234 3394 4304 Si
3425 4245 3606 4310 autem

2019 4341 2128 4382 non
2159 4325 2361 4396 recepit
2389 4339 2512 4381 eum
2545 4341 2704 4395 quem
2744 4323 2831 4381 lex
2869 4328 3136 4396 promisit,
3182 4328 3380 4386 frustra
3411 4311 3608 4401 gloria-

2020 4427 2108 4472 tur
2127 4418 2194 4474 de
2218 4417 2334 4490 lege
2360 4415 2448 4472 cui
2477 4415 2724 4486 injuriam
2757 4416 2906 4486 facit,
2934 4417 3059 4474 dum
3095 4419 3369 4476 Christum
3403 4427 3612 4494 spernit

320 4512 550 4575 minum,
590 4511 950 4579 cogitationes
975 4509 1060 4564 vel
1088 4512 1422 4565 accusabunt
1447 4512 1681 4566 animam
1711 4509 1795 4568 vel
1821 4511 1916 4568 de-
1938 4555 2000 4619 Β
2017 4507 2341 4578 promissum
2371 4506 2424 4562 in
2451 4507 2588 4578 lege,
2615 4517 2670 4562 et
2699 4523 2798 4562 nec
2815 4505 2926 4575 jam
2949 4509 3191 4568 eruditur
3217 4514 3323 4568 erit
3351 4515 3608 4583 insipien-

321 4597 538 4619 .-__.__.
595 4614 695 4619 μ--
719 4599 898 4619 ,-.,,,,,
928 4597 1027 4619 Α...
1055 4599 1406 4619 --μεωεμμ
1439 4613 1547 4619 ne
1578 4609 1658 4619 ,μ
1685 4615 1697 4619 Α
1847 4612 1884 4619 κ-
2119 4614 2163 4619 Α
2193 4618 2214 4619 η
2238 4615 2283 4619 Α,
2312 4598 2860 4619 _‘u,,.__,_‘.,__.,___
2908 4616 3001 4619 μμ
3026 4602 3039 4619 .
3273 4618 3276 4619 ν
3520 4605 3568 4616 η

320 4597 564 4664 fendent,
595 4614 701 4656 nou
718 4599 904 4668 utique
928 4597 1032 4653 illae
1051 4599 1409 4670 cogitationes
1433 4613 1554 4670 qua:
1577 4609 1703 4656 tunc
1728 4612 1908 4670 erunt,

321 4691 418 4746 sed
431 4692 556 4746 ista:
569 4705 690 4760 quae
716 4705 859 4746 nunc
881 4700 1006 4746 sunt
1035 4689 1090 4746 in
1109 4692 1281 4747 nobis.
1307 4691 1441 4747 Cum
1463 4693 1606 4748 enim
1633 4693 1745 4748 sive
1771 4695 1912 4750 bona

322 4781 436 4836 sive
463 4780 608 4835 mala
659 4781 984 4852 cogitamus,
1030 4782 1184 4836 velut
1205 4783 1262 4837 in
1292 4783 1529 4851 caeteris,
1560 4785 1633 4839 ita
1673 4785 1727 4840 in
1751 4785 1914 4842 corde

322 4882 663 4929 nostro~tam
709 4877 971 4930 bonarum
1019 4889 1182 4945 quam
1217 4876 1484 4931 malarum
1526 4879 1914 4947 cogitationum

322 4977 468 5022 notas
491 4968 736 5038 quaedam
783 4975 838 5023 et
861 4967 1136 5039 signacula
1159 4969 1555 5039 relinquuntur,
1579 4985 1697 5040 quae
1728 4971 1781 5026 in
1819 4986 1912 5026 oc-

319 5060 646 5118 culto'mmc
671 5060 909 5132 pectoris
946 5068 1070 5114 sunt
1097 5061 1291 5129 posita,
1325 5062 1401 5115 ‘in
1433 5061 1518 5116 illa
1559 5062 1646 5117 die
1681 5061 1913 5118 revelari

323 5152 580 5207 dicuntur
603 5167 646 5230 ιι,
681 5151 828 5208 nullo
855 5152 966 5208 alio
983 5141 1098 5207 nisi.
1119 5153 1194 5208 “ab
1217 5165 1284 5208 eo
1323 5153 1414 5224 qui
1440 5143 1586 5211 solus
1615 5163 1793 5226 potest
1819 5171 1914 5212 oc-

325 5241 475 5296 culta
522 5242 804 5298 hominum
849 5243 1006 5305 scire,
1036 5255 1270 5312 quorum
1320 5244 1598 5314 signorum
1649 5238 1916 5316 vel'qua-

326 5347 449 5387 rum
481 5343 743 5389 notarum
788 5347 981 5390 causas
1021 5349 1130 5389 non
1172 5334 1339 5390 latere
1380 5334 1573 5402 Deum,
1605 5337 1772 5392 etiam
1824 5353 1920 5394 no-

326 5433 440 5480 stra
468 5426 799 5481 conscientia
840 5427 1251 5483 contestabitur.
1281 5423 1485 5500 (Greg.)
1519 5425 1663 5500 Ergo
1690 5431 1816 5501 quia
1853 5431 1915 5486 li-

325 5514 461 5571 delis
497 5513 1126 5586 quisque-cogitationes
1180 5518 1235 5572 in
1269 5517 1479 5586 judicio
1525 5522 1735 5591 exquiri
1789 5523 1916 5578 sub-

326 5605 496 5662 tiliter
516 5621 632 5661 non
667 5607 909 5678 ignorat,
949 5612 1300 5680 semetipsum
1323 5608 1593 5667 introrsus
1618 5610 1914 5669 discutiens

323 5704 452 5753 ante
479 5695 743 5766 judicium
797 5699 1147 5754 vehementer
1179 5699 1480 5766 examinat,
1531 5711 1593 5757 ut
1633 5702 1914 5760 districtus

321 5791 488 5861 iudex
523 5805 590 5846 eo
627 5791 739 5862 jam
799 5791 1142 5860 tranquillius
1183 5794 1386 5858 veniat,
1433 5809 1539 5864 quo
1590 5809 1714 5853 eum
1750 5810 1911 5868 quem

649 5885 924 5946 ΡΑΤιιοι..
971 5883 1134 5945 CXI.
1181 5895 1184 5902 '
1657 5891 1660 5898 ’

2025 4601 2177 4667 tium;
2192 4615 2291 4656 nec
2311 4599 2567 4672 magister
2583 4598 2887 4665 infantium,
2908 4616 3010 4656 nec
3026 4602 3207 4657 lumen
3227 4618 3413 4658 eorum
3441 4605 3533 4672 qui
3555 4605 3614 4664 in

2021 4691 2260 4744 tenebris
2275 4698 2420 4754 sunt,
2434 4688 2528 4744 sed
2544 4690 2648 4743 dux
2671 4689 2910 4762 omnium
2935 4693 3122 4746 horum
3138 4691 3204 4746 ad
3228 4693 3604 4770 perditionem.

2095 4780 2199 4846 Qui
2225 4797 2344 4852 ergo
2376 4779 2538 4836 alium
2558 4782 2732 4849 doces,
2761 4781 2978 4854 teipsum
3005 4802 3108 4837 non
3137 4785 3308 4840 doces.
3354 4785 3468 4844 Hoc
3499 4797 3604 4852 est,

2021 4882 2076 4929 tu
2104 4873 2198 4944 qui
2240 4873 2466 4944 gentiles
2499 4875 2682 4947 arguis
2719 4877 2860 4945 quod
2906 4875 3022 4930 sine
3065 4875 3180 4947 lege
3215 4886 3270 4932 et
3319 4877 3430 4938 Deo
3459 4887 3604 4942 sunt,

2021 4962 2255 5033 teipsum
2292 4979 2397 5018 non
2419 4968 2610 5040 arguis
2641 4979 2656 5018 :
2691 4963 2935 5020 dillidens
2978 4965 3124 5020 enim
3177 4953 3258 5021 de.
3288 4964 3502 5022 Christo
3541 4968 3594 5024 in

2015 5057 2133 5129 lege
2158 5057 2447 5126 promisso,
2484 5057 2536 5114 in
2576 5058 2780 5114 eisdem
2804 5075 2924 5130 qua:
2954 5061 3135 5130 arguis
3165 5059 3442 5116 inveniris.

2092 5149 2192 5214 Qui
2234 5147 2493 5219 pnedicas
2536 5167 2640 5204 non
2675 5135 2959 5220 furandum
2991 5148 3210 5220 furaris.
3257 5150 3416 5208 Facis
3457 5151 3627 5208 enint

2019 5239 2161 5309 quod
2203 5240 2465 5310 praedicas
2496 5239 2614 5308 ﬁeri
2663 5255 2768 5295 non
2802 5242 3040 5308 debere;
3075 5242 3202 5308 dum
3252 5244 3395 5312 enim
3443 5243 3604 5302 fidem

2020 5333 2222 5390 Christi
2247 5351 2346 5406 per
2375 5335 2570 5390 malam
2618 5323 3118 5406 interpretationem
3151 5338 3403 5409 subripis,
3442 5355 3607 5411 negas

2021 5429 2297 5486 Christum
2325 5431 2611 5487 Dominum
2633 5440 2876 5488 nostrum
2901 5433 2958 5488 in
2985 5432 3104 5505 lege
3130 5436 3477 5506 promissum.

2095 5520 2200 5586 Qui
2238 5522 2369 5575 dicis
2417 5539 2520 5576 non
2561 5521 2948 5590 mmcltandum,
2991 5526 3284 5582 macltaris.
3321 5525 3610 5582 Adulteras

2022 5619 2203 5667 autem
2250 5611 2447 5685 Legem,
2497 5613 2712 5684 quando
2753 5616 3040 5672 veritatem
3086 5616 3288 5674 Christi
3335 5617 3498 5682 tollis,
3547 5623 3609 5674 et

2021 5703 2362 5760 mendacium
2400 5704 2590 5777 ponis;
2615 5708 2756 5764 unde
2791 5707 2899 5764 alio
2918 5707 3040 5766 loco
3059 5709 3244 5776 dicit:
3267 5705 3608 5764 Adulteram,

2026 5813 2106 5853 res
2140 5795 2281 5852 verbi
2305 5795 2394 5878 (II
2414 5793 2538 5854 Cor.
2572 5797 2656 5882 It),
2769 5783 2772 5786 j
2827 5855 2830 5862 .

3092 5889 3170 5951 42
