4056 6336
306 494 332 555 1
341 498 446 555 525

865 482 1408 549 ENARRATIONUM
1445 489 1513 545 lN
1555 487 1701 544 uer.
1743 472 1947 544 PAULI
1985 490 2112 544 LIB.
2154 473 2216 544 1'1.
2248 520 2318 529 —
2342 487 2410 545 1N
2445 489 2662 546 EPIST.
2704 489 2796 546 AD
2835 493 2999 550 non.

3399 484 3537 570 1320

307 612 457 668 Unde
501 611 614 664 ait:
646 607 983 663 Circumcisio
1021 617 1112 659 tua
1144 604 1454 674 prwputium
1487 602 1629 670 facta
1666 614 1778 668 est,
1814 603 1867 657 id
1893 609 1946 665 Α
1970 601 2130 656 batur
2157 602 2410 672 imagine.
2442 603 2683 674 Denique
2715 615 2907 661 octava
2935 608 3020 663 die
3044 608 3279 677 parvolis
3309 609 3540 666 dabatur

303 711 408 768 est,
434 700 616 772 gentili
648 697 840 754 similis
862 696 1034 751 factus
1057 711 1139 759 es,
1170 709 1274 748 non
1298 693 1523 748 credens
1549 694 1601 746 in
1624 707 1748 746 cum
1778 693 1870 761 qui

303 797 359 852 in
385 797 536 865 signo
563 791 989 850 circumcisionis
1019 788 1161 842 illius
1186 787 1484 858 promissus
1509 794 1590 839 est
1614 784 1866 840 Abt-alue.

375 886 435 940 Si
463 886 622 955 igitur
637 884 945 954 prteputium
965 879 1196 948 iustitiae
1224 876 1349 947 legis
1393 875 1674 938 custodiat,
1706 889 1874 928 nonne

299 977 610 1048 prtcputium
636 974 777 1027 illius
815 974 869 1027 in
901 968 1342 1025 circumcisionem
1389 965 1751 1037 reputabitur?
1783 964 1873 1019 Ju-

301 1068 451 1122 stitia
488 1066 621 1136 legis
646 1065 778 1120 ﬁdes
799 1073 882 1118 est
907 1061 1233 1126 Christiana,
1261 1059 1399 1113 sicut
1425 1058 1530 1112 alio
1551 1057 1670 1112 loco
1701 1055 1831 1110 dicit
1857 1073 1869 1110 :

305 1156 456 1211 Finis
484 1156 610 1227 legis
630 1155 866 1209 Christus
889 1156 954 1207 ad
974 1137 1234 1224 justitiam
1261 1151 1401 1204 omni
1425 1149 1654 1204 credenti
1693 1148 1870 1220 (Rom.

303 1245 382 1315 ι).
427 1246 548 1299 ideo
590 1243 931 1299 manifestum
979 1251 1064 1297 est
1107 1241 1233 1310 quia
1267 1240 1313 1296 si
1353 1239 1568 1311 gentilis
1599 1237 1782 1292 credat
1818 1237 1875 1292 in

303 1335 596 1401 Christum,
625 1335 688 1390 tit
709 1334 850 1389 ﬁlius
874 1333 1125 1400 Abrahae,
1149 1332 1243 1404 qui
1271 1341 1426 1402 pater
1444 1341 1527 1386 est
1551 1330 1693 1385 ﬁdei.

372 1445 439 1498 Et
456 1446 716 1516 judicabit
744 1445 798 1498 id
838 1444 974 1516 quod
1007 1459 1073 1499 ea:
1101 1455 1292 1497 natura
1331 1451 1405 1496 est
1449 1440 1780 1512 prteputium,
1825 1448 1875 1494 et

301 1538 462 1608 legem
498 1539 883 1609 perﬁciens,te,
910 1538 1000 1608 qui
1049 1553 1141 1608 per
1167 1535 1394 1589 litteram
1438 1543 1486 1588 et
1525 1533 1880 1587 circumcisio-

302 1641 418 1683 nem
455 1628 824 1699 prawaricator
869 1643 921 1682 es
971 1627 1118 1697 legis.
1168 1626 1408 1681 Credens
1457 1623 1693 1695 gentilis,
1743 1623 1877 1678 duce

301 1731 517 1790 natura,
560 1729 612 1778 tn
651 1720 948 1788 Christum,
994 1723 1313 1778 condemnat
1347 1714 1613 1786 "Judaeum,
1659 1721 1747 1776 cui
1790 1721 1877 1776 te}:

300 1819 623 1884 promiserat
643 1813 1016 1882 Christum,'e't
1035 1816 1332 1870 advenienti
1356 1816 1405 1870 ei
1430 1813 1650 1870 credere
1683 1816 1874 1870 noluit.

307 1905 514 1973 Quanta
543 1917 670 1978 ergo
697 1908 906 1978 gentilis
929 1905 1120 1978 dignus
1149 1906 1442 1976 estgloria,
1468 1907 1557 1976 qui
1587 1921 1684 1976 per
1706 1906 1875 1962 solam

1975 694 2068 763 qui
2098 694 2230 748 nihil
2275 695 2459 764 utique
2486 698 2663 752 adhuc
2692 699 2872 767 operis
2901 708 3139 769 agerent.
3171 699 3320 766 Quod
3347 702 3393 758 si
3419 701 3543 770 quis

1973 787 2131 841 nobis
2172 786 2412 855 proferat
2439 788 2565 844 illud
2599 792 2742 859 quod
2779 791 2834 845 in
2875 793 3137 863 principio
3169 792 3294 849 libri
3334 795 3435 850 Job
3477 798 3543 854 de

1971 877 2128 932 laude
2153 878 2269 948 ejus
2287 879 2520 948 positum
2551 889 2654 946 est,
2684 882 2772 936 ubi
2813 883 2983 938 dicit:
3009 883 3078 937 Et
3109 891 3221 938 erat
3259 885 3361 940 Job
3389 887 3542 943 horno

1971 982 2150 1031 verax,
2180 967 2292 1021 sine
2327 967 2537 1038 querela
2565 969 2736 1039 justus
2761 971 2858 1025 Dei
2885 973 3074 1039 cultor,
3111 974 3371 1031 abstinens
3397 993 3452 1031 se
3477 979 3540 1032 ab

1974 1057 2116 1111 omni
2155 1073 2208 1111 re
2240 1057 2382 1111 mala
2411 1058 2553 1130 (Job.
2596 1060 2657 1131 ι),
2705 1077 2801 1117 cur
2822 1065 3159 1133 praecedente
3203 1065 3328 1121 boni
3365 1068 3544 1138 operis

1972 1147 2131 1204 laude
2171 1149 2224 1203 in
2279 1149 2468 1204 ultimo
2502 1150 2629 1205 mali
2668 1154 2996 1209 continentia
3040 1166 3390 1211 numeretur:
3418 1157 3546 1213 illud

1973 1239 2116 1310 quod
2135 1241 2370 1296 arbitror
2385 1229 2617 1310 iudicari
2637 1246 2784 1313 quod
2811 1258 2952 1315 saepe
2972 1246 3086 1300 ﬁeri
3110 1246 3266 1314 soiet,
3284 1249 3410 1318 quia
3433 1248 3548 1319 plu-

1975 1330 2100 1384 rimi
2138 1330 2415 1385 hominum
2450 1341 2614 1403 agunt
2650 1334 2865 1403 quidem
2908 1349 3030 1404 qua
3073 1338 3212 1393 bona
3255 1348 3402 1406 sunt,
3441 1341 3547 1396 mi-

1974 1431 2162 1477 sceant
2189 1432 2366 1477 tamen
2390 1423 2592 1494 aliquid
2611 1434 2666 1480 et
2692 1428 2872 1496 operis
2892 1428 3049 1496 mali;
3075 1431 3233 1498 pauci
3259 1447 3390 1487 vero
3411 1434 3551 1488 sicut

1973 1513 2094 1578 Job,
2141 1515 2235 1584 qui
2267 1515 2340 1569 ita
2383 1529 2598 1572 veraces
2654 1527 2710 1572 et
2751 1518 3267 1590 irreprehensibiies,
3301 1523 3377 1577 ita
3418 1524 3552 1594 justi

1975 1614 2099 1659 sunt
2114 1612 2168 1659 et
2181 1605 2414 1661 cultores
2437 1606 2553 1672 Dei,
2581 1616 2639 1662 ut
2660 1609 2778 1664 huic
2797 1611 2975 1664 omnia
2999 1621 3220 1682 agentes
3243 1613 3553 1671 abstineant

1977 1713 2035 1754 se
2057 1699 2126 1753 ab
2153 1701 2298 1754 omni
2327 1714 2386 1754 re
2409 1700 2567 1755 mala.
2598 1701 2654 1756 Si
2683 1719 2830 1774 ergo,
2857 1705 3048 1773 inquit,
3071 1706 3458 1774 praevaricator
3473 1709 3555 1763 sis

1977 1790 2142 1858 legis,
2192 1793 2330 1847 sicut
2373 1809 2534 1864 supra
2595 1796 2960 1866 exposuimus,
3011 1813 3118 1852 non
3171 1799 3383 1870 agendo
3433 1801 3554 1870 qua:

1978 1884 2118 1938 bona
2144 1893 2286 1950 sunt,
2313 1885 2649 1941 circumcisio
2674 1895 2763 1941 tua
2789 1889 3105 1958 praeputium
3133 1890 3275 1944 facta
3302 1899 3404 1957 est,
3425 1892 3552 1946 dum

305 2007 551 2051 naturam
585 1977 844 2051 intellexit
873 1977 1174 2062 aucturem,
1204 1997 1342 2051 sicut
1369 1996 1498 2051 dicit
1525 1995 1716 2051 Petrus
1745 2004 1878 2066 apo-
1907 1979 1952 2040 Β
1980 1984 2034 2029 ei
2079 1977 2180 2032 hoc
2215 1978 2308 2032 "ibi
2339 1979 2480 2047 quod
2523 1979 2794 2034 absumi“?
2839 1995 2869 2033 ³
2916 1980 3057 2035 malo
3081 1982 3228 2036 “i503
3273 1997 3354 2048 εδ,
3393 1997 3556 2052 Opera

302 2089 470 2143 stolus
500 2107 513 2142 :
543 2090 815 2142 Auctorem
869 2103 985 2142 vero
1029 2088 1145 2143 vita:
1191 2087 1522 2156 interfecistis
1569 2086 1706 2158 (Act.
1753 2086 1872 2160 nt);

303 2189 452 2234 tanto
475 2180 646 2250 magis
677 2177 980 2249 puniendus
1024 2177 1242 2233 Indicus
1271 2181 1375 2242 est,
1423 2177 1516 2247 qui
1563 2188 1735 2248 neque
1781 2187 1880 2246 per

302 2272 574 2335 naturam,
602 2272 776 2340 neque
795 2284 895 2340 per
930 2268 1101 2341 legem
1139 2267 1414 2324 Christum
1444 2271 1662 2341 agnovit
1690 2278 1877 2324 aucto-

302 2364 437 2417 rem.
485 2361 708 2434 (Θήῃ.)
737 2361 871 2430 'Qua:
913 2363 983 2418 sit
1007 2362 1378 2428 circumcisio,
1412 2372 1570 2432 quam
1625 2364 1881 2432 prodesse

301 2452 433 2508 dicit
470 2454 790 2524 Apostolus,
844 2455 929 2510 vel
979 2442 1097 2526 quae
1134 2456 1310 2526 prosit
1354 2453 1472 2519 lex,
1515 2454 1561 2508 si
1607 2453 1878 2508 custodia-

303 2551 412 2608 tur,
437 2543 720 2614 diligenter
741 2539 1120 2614 requirendurn
1163 2537 1396 2610 videtur,
1415 2551 1478 2597 ut
1501 2538 1626 2598 cum
1656 2544 1772 2597 haec
1797 2543 1881 2596 in-

304 2635 694 2701 tellexerimus,
724 2637 993 2707 possimus
1020 2647 1074 2692 et
1091 2636 1422 2692 circumcidi.
1453 2635 1660 2704 Quippe
1680 2635 1724 2689 si
1748 2646 1878 2705 pro-

307 2728 426 2784 dest
457 2730 796 2783 circumcisio
817 2729 1112 2784 se‘cundum
1132 2730 1355 2784 verbum
1381 2727 1621 2798 Apostoli
1655 2721 1882 2782 dicentis

304 2818 433 2890 quis
476 2819 797 2875 circumcisio
843 2819 1083 2892 prodest,
1135 2822 1180 2875 si
1227 2821 1389 2890 legem
1433 2819 1719 2884 custodias,
1768 2820 1883 2888 ipse

306 2909 592 2982 Apostolus
617 2915 673 2968 in
700 2915 1152 2984 consequentibus
1170 2913 1350 2979 docet,
1373 2914 1498 2983 quia
1520 2921 1619 2966 non
1647 2913 1742 2966 illa
1766 2927 1882 2982 qius

300 3005 361 3056 in
401 3003 675 3073 manifesto
715 3014 788 3058 est
842 3005 896 3058 in
938 3019 1092 3059 carne
1130 3005 1476 3070 circumcisio,
1524 3004 1615 3057 sed
1657 3004 1880 3057 circnm-

307 3097 432 3148 cisio
462 3098 633 3150 cordis
664 3109 756 3166 per
779 3097 1040 3166 spiritum,
1067 3101 1171 3151 non
1204 3111 1296 3166 per
1321 3097 1548 3151 litteram
1574 3098 1738 3166 facta,
1762 3094 1883 3149 lau-

303 3188 421 3241 dem
447 3199 553 3242 non
573 3188 640 3242 ab
663 3188 956 3242 hominibus
985 3183 1158 3256 habet,
1188 3189 1277 3242 sed
1297 3193 1362 3242 etc
1389 3187 1498 3241 Deo
1514 3203 1534 3253 ;
1563 3193 1618 3241 et
1650 3174 1777 3241 alibi
1803 3183 1884 3240 di-

305 3282 415 3336 cit:
446 3277 633 3337 Videte
668 3280 1134 3336 circumcisionem
1163 3298 1176 3335 :
1217 3271 1322 3335 nos
1350 3282 1502 3334 enim
1555 3272 1742 3335 sumus
1773 3271 1883 3334 'cir-

1977 2075 2103 2131 ﬁdei
2128 2086 2182 2130 et
2206 2076 2428 2143 justitia:
2467 2092 2574 2131 non
2617 2077 2794 2147 agenti
2825 2077 2891 2131 ad
2932 2077 3299 2134 inﬁdelitatem
3343 2088 3558 2150 reputa-

1979 2175 2096 2231 tur;
2121 2181 2293 2236 neque
2313 2169 2457 2221 enim
2475 2167 2728 2236 possibile
2749 2175 2832 2221 est
2851 2167 3011 2222 alicui
3033 2169 3307 2223 carnalem
3331 2171 3556 2226 circum-

1977 2257 2236 2314 cisionem
2273 2273 2487 2312 rursum
2530 2259 2586 2313 in
2625 2259 2946 2329 praeputium
2995 2260 3154 2327 verti,
3205 2276 3327 2316 cum
3371 2261 3558 2334 utique

1964 2349 2216 2404 abscissa
2239 2349 2482 2419 praeputii
2522 2364 2686 2404 carne
2715 2349 2854 2404 ultra
2885 2349 3060 2405 redire
3084 2365 3192 2405 non
3235 2351 3427 2423 possit.
3467 2350 3559 2410 Di-

1969 2443 2138 2513 gnius
2168 2457 2296 2512 ergo
2336 2453 2390 2496 et
2421 2442 2721 2497 evidentius
2750 2442 3082 2514 intelligitur,
3111 2445 3252 2513 quod
3278 2445 3558 2501 continen-

1979 2532 2055 2587 tia
2078 2531 2203 2585 mali
2227 2531 2425 2601 operis,
2451 2548 2572 2602 qum
2591 2549 2692 2604 per
2711 2534 3176 2611 circumcisionem
3196 2530 3554 2609 signiﬁcatur,

1975 2627 2025 2680 si
2053 2641 2213 2698 opera
2241 2627 2360 2682 tidei
2391 2641 2498 2682 non
2512 2628 2726 2695 habeat,
2744 2630 2810 2684 ad
2835 2621 3226 2683 immunditiam
3251 2639 3554 2712 ‘reputetur.

1982 2718 2090 2775 Sed
2118 2721 2173 2774 in
2196 2720 2457 2786 Ecclesia,
2507 2721 2599 2790 qui
2645 2737 2745 2793 per
2779 2722 3004 2793 gratiam
3047 2723 3298 2793 baptismi
3327 2718 3559 2780 circum-

1980 2815 2196 2881 ciditur,
2243 2816 2288 2870 si
2316 2822 2438 2886 post
2469 2816 2582 2870 haec
2621 2809 3004 2884 praevaricator
3037 2816 3114 2870 "sit
3155 2816 3289 2879 legis
3331 2816 3558 2883 Christi,

1969 2907 2321 2963 circumcisio
2367 2903 2617 2976 baptismi
2667 2909 2732 2961 ad
2775 2905 3111 2962 inﬁdelitatis
3150 2909 3200 2962 ei
3235 2909 3558 2978 praeputium

1941 3034 1945 3038 ι
1980 2999 2334 3070 reputabitur,
2361 3001 2486 3068 quia
2517 3007 2570 3054 et
2599 2998 2732 3053 ﬁdes
2760 2999 2877 3054 sine
2901 2997 3159 3068 operibus
3185 3005 3397 3054 mortua
3428 2999 3561 3055 dici-

1981 3099 2092 3157 tur,
2123 3099 2177 3146 et
2201 3091 2326 3144 mali
2353 3090 2514 3144 villici
2554 3106 2679 3160 pars
2718 3105 2839 3144 cum
2890 3091 3193 3146 inﬁdelibus
3233 3092 3483 3161 ponitur;
3516 3093 3562 3147 si

1982 3191 2160 3238 autem
2193 3183 2508 3253 praeputium
2531 3175 2770 3252 justitias
2797 3181 2928 3251 legis
2960 3183 3247 3249 custodiat,
3281 3200 3458 3239 nonne
3481 3183 3563 3254 ju-

1983 3275 2183 3330 dicabit
2211 3275 2265 3330 id
2290 3273 2432 3343 quod
2453 3288 2520 3328 ex
2544 3282 2734 3328 natura
2759 3281 2844 3328 est
2871 3276 3214 3345 praeputium,
3247 3275 3417 3345 legem
3439 3291 3564 3345 per—

305 3375 584 3439 cumcisio,
609 3375 700 3444 qui
725 3373 913 3444 spiritu
941 3365 1054 3429 Deo
1081 3369 1368 3439 servimus,
1399 3377 1456 3428 et
1488 3368 1602 3428 non
1638 3373 1693 3427 in
1721 3375 1886 3428 came
1986 3363 2196 3431 ﬁciens,
2213 3372 2286 3429 te,
2317 3362 2407 3433 qui
2429 3378 2527 3432 per
2545 3361 2779 3418 litteram
2804 3372 2861 3418 et
2876 3364 3341 3421 circumcisionem
3362 3379 3567 3436 praeva-

307 3465 648 3519 contidim'us.
687 3464 832 3528 Haec,
861 3473 922 3519 ut
961 3466 1175 3534 opinor,
1214 3473 1299 3520 est
1332 3461 1678 3520 circumcisio
1721 3477 1884 3533 quam

308 3557 564 3628 prodesse
605 3556 736 3611 dicit
781 3556 1085 3626 Apostolus,
1130 3559 1175 3611 si
1215 3557 1382 3626 tegent
1431 3556 1692 3610 custodias
1729 3569 1748 3608 :
1778 3557 1886 3610 non

309 3646 478 3716 legem
513 3639 726 3712 littera,
759 3648 912 3718 cuius
956 3649 1140 3718 utiq'ue
1185 3647 1651 3704 circumcisionem
1684 3647 1740 3701 in
1769 3659 1888 3702 car-

309 3747 379 3792 ne
421 3735 533 3792 iam
564 3738 781 3808 recipis,
835 3737 926 3792 sed
945 3737 1117 3808 legem
1147 3735 1388 3808 ‘s‘piritus,
1410 3730 1702 3792 secundum
1721 3743 1888 3807 quam

310 3818 713 3886 circumcideris
741 3829 933 3895 edule:
959 3829 1134 3883 littera
1153 3831 1289 3883 enim
1317 3829 1528 3895 occidit,
1555 3827 1768 3899 spiritus
1785 3827 1889 3882 au-

311 3931 411 3976 tem
433 3922 656 3990 civiﬁcat
677 3921 763 3993 (11
791 3921 912 3976 Cor.
944 3921 1051 3993 Ill),
1071 3922 1194 3991 quia
1222 3931 1277 3976 et
1294 3921 1382 3976 lex
1401 3922 1498 3977 Dei
1526 3937 1632 3977 non
1655 3922 1888 3977 refertur

303 4011 612 4067 atramento
645 4013 866 4083 scripta,
913 4012 1006 4068 sed
1047 4013 1212 4083 digito
1253 4011 1370 4078 Dei,
1418 4012 1509 4083 qui
1553 4017 1635 4066 cst
1670 4011 1890 4082 spiritus

311 4102 448 4172 ejus,
476 4112 530 4159 et
557 4117 662 4159 non
692 4105 744 4158 in
770 4099 965 4162 tabulis
985 4089 1232 4175 lapideis,
1251 4105 1349 4160 sed
1373 4103 1435 4158 in
1467 4102 1662 4159 tabulis
1685 4101 1886 4159 ‘dordi's.

313 4196 512 4252 Verum
549 4206 727 4267 petest
763 4197 922 4253 nobis
945 4197 1127 4266 ohjici,
1157 4196 1311 4268 quasi
1338 4189 1629 4267 Apostolus
1653 4195 1886 4251 circum-

311 4288 572 4342 cisionem
588 4289 840 4358 prodesse
865 4280 1014 4343 dicit.
1031 4288 1161 4355 Quae
1183 4289 1367 4359 utique
1385 4301 1496 4343 non
1518 4287 1621 4342 alia
1641 4275 1892 4358 intelligi-

315 4389 402 4436 tur
426 4395 566 4445 esse,
597 4393 756 4449 quam
785 4381 976 4433 animae
1001 4381 1249 4451 purgatio
1280 4384 1335 4434 ει
1359 4375 1588 4448 abiectio
1616 4379 1887 4435 vitiorum.

315 4471 596 4540 Quomodo
620 4473 765 4525 addit
787 4473 960 4526 adhuc
984 4472 1054 4524 ita
1075 4472 1287 4524 demum
1307 4465 1567 4541 prodesse
1587 4465 1893 4542 huiusmodi

315 4565 798 4630 circumcisionem,
842 4568 884 4618 si
918 4559 1085 4634 legem
1139 4565 1436 4630 custodias,
1473 4581 1593 4620 cum
1623 4567 1740 4620 haec
1780 4567 1893 4634 ipsa

317 4654 654 4710 circumcisio
673 4661 779 4708 non
807 4655 907 4707 nisi
931 4667 997 4708 ex
1024 4654 1156 4724 tegas
1182 4655 1521 4710 observantia
1563 4653 1680 4709 iie’ri
1706 4645 1891 4710 videa-

319 4755 426 4802 tur.
451 4745 556 4799 Sed
583 4745 790 4799 intuere
814 4760 879 4799 ne
909 4732 1045 4800 forte
1071 4745 1384 4801 abscindere
1413 4748 1567 4812 vitia,
1597 4751 1652 4801 et
1677 4759 1892 4802 cessare

315 4855 348 4893 a
409 4839 563 4892 malis
623 4839 1087 4894 circumcisionem
1139 4839 1445 4910 signiticet:
1494 4851 1653 4911 agore
1705 4843 1890 4895 autem

317 4943 436 5000 qua!
461 4931 603 4985 iiuna
631 4933 775 4995 sum,
807 4935 862 4984 et
887 4929 1094 4986 eilicere
1127 4943 1245 5001 qum
1273 4931 1509 5000 perfecta
1547 4932 1689 4997 sum,
1716 4933 1892 4986 coitio-

319 5017 432 5078 dire
467 5024 535 5077 sit
575 5022 776 5094 regem;
806 5031 976 5092 neque
1001 5022 1147 5077 enim
1195 5023 1248 5076 in
1289 5031 1353 5076 eo
1399 5022 1657 5093 perfectio
1683 5023 1793 5088 est,
1844 5023 1890 5078 si

321 5109 560 5169 cessatur
581 5127 610 5168 a
631 5108 814 5178 'malis,
833 5116 937 5169 sed
967 5115 1019 5168 in
1047 5107 1112 5169 eo
1140 5115 1184 5168 si
1218 5123 1445 5184 agantur
1471 5115 1634 5177 bona,
1661 5117 1801 5170 "sicut
1835 5115 1887 5168 in

321 5203 533 5258 Psalm'o
553 5207 853 5260 evidentius
875 5205 1249 5275 perducemur,
1266 5213 1389 5260 cum
1413 5207 1610 5261 dicitur
1635 5226 1648 5260 :
1675 5207 1890 5259 Declina

323 5312 354 5349 α
387 5296 558 5360 malo;
579 5293 767 5353 etnon
798 5299 886 5353 hic
926 5298 1095 5363 stetit,
1129 5299 1220 5352 sed
1246 5294 1472 5362 addidit,
1509 5307 1555 5350 et
1584 5298 1676 5365 ‘fac
1703 5296 1892 5349 bonum

325 5383 496 5456 (Psat.
521 5387 726 5455 xxm).
757 5383 1018 5445 Similiter
1037 5399 1173 5460 ergo
1195 5389 1253 5442 et
1277 5381 1586 5458 apostolus,
1617 5395 1803 5456 utpote
1839 5387 1890 5443 ir

325 5477 410 5531 his
433 5477 696 5542 imbutus,
723 5479 798 5531 ita
825 5481 1036 5534 demum
1077 5475 1207 5535 dicit
1227 5475 1489 5551 prodesse
1527 5479 1865 5533 circumcisio

324 5582 448 5624 nem
491 5579 547 5622 et
566 5569 927 5638 abjectioncm
975 5571 1259 5638 malorum,
1313 5572 1372 5626 si-
1403 5569 1678 5626 custodias
1726 5567 1896 5641 legem

323 5656 616 5724 btnuirum;
649 5659 825 5729 "neque
861 5657 1008 5715 enim
1037 5658 1310 5732 perlectus
1337 5663 1457 5731 quis
1482 5677 1602 5716 esse
1621 5655 1804 5731 potem
1847 5661 1894 5714 si

319 5751 461 5810 nihil
489 5751 659 5822 egerit
685 5751 831 5816 tituli,
860 5753 953 5807 sed
982 5753 1026 5808 si
1054 5751 1254 5822 aliquid
1282 5754 1454 5825 egerit
1489 5754 1638 5808 boni.
1663 5750 1816 5807 Uil'de
1839 5756 1895 5805 Et

327 5841 440 5914 ipsa
479 5842 836 5908 circumcisio,
866 5859 984 5912 qua:
1035 5843 1196 5898 ﬁebat
1230 5844 1283 5898 in
1311 5859 1492 5909 carne,
1541 5843 1647 5898 non
1692 5843 1894 5911 absque

328 5935 485 6007 hujus
513 5935 876 6009 intelligentiae
901 5951 1062 6009 quam
1108 5953 1252 5992 nunc
1277 5937 1596 6008 exponimus
1627 5935 1895 6005 signiﬁca-

1985 3459 2189 3514 ricator
2211 3473 2271 3512 es
2297 3457 2468 3526 legis?
2500 3456 2758 3526 Superius
2785 3457 2920 3513 dixit
2949 3459 3075 3527 quia
3109 3459 3244 3514 duos
3265 3458 3479 3515 iudices
3511 3471 3567 3516 et

1979 3550 2118 3605 duas
2139 3549 2578 3605 circumcision'es
2607 3551 2848 3605 discutiit
2887 3551 3174 3619 Apostolus
3193 3592 3207 3617 ,
3239 3559 3293 3607 e‘t
3326 3569 3468 3608 nunc
3497 3555 3562 3608 de

1987 3639 2210 3704 carnali,
2241 3653 2382 3694 nunc
2404 3651 2533 3694 vero
2560 3641 2625 3695 de
2649 3639 2874 3710 spiritali
2903 3639 3308 3695 commemorat.
3341 3633 3567 3696 Videtur

1981 3742 2117 3804 ergo
2143 3733 2195 3787 in
2226 3733 2479 3802 praesenti
2521 3731 2639 3788 loco
2677 3733 2995 3803 prieputium
3022 3722 3201 3786 dicere
3229 3741 3416 3802 gentes
3443 3745 3563 3802 qua:

1977 3825 2040 3880 in
2068 3826 2388 3896 przeputium
2411 3825 2592 3881 carnis
2618 3826 2685 3879 ad
2713 3824 2872 3879 ﬁdem
2893 3823 3098 3880 Christi
3120 3833 3402 3890 venerunt,
3430 3841 3564 3895 quas

1985 3917 2158 3988 legem
2212 3916 2504 3987 spiritalem
2556 3919 2833 3972 servantes
2870 3916 3143 3986 componit
3187 3923 3240 3970 et
3290 3925 3566 3986 comparat

1987 4007 2214 4074 Judaeis,
2247 4008 2338 4078 qui
2385 4022 2483 4077 per
2525 4007 2760 4061 litteram
2789 4014 2844 4060 et
2887 4006 3350 4060 circumcisionem
3388 4007 3566 4063 carnis

1978 4099 2435 4169 praevaricatores
2459 4104 2583 4152 sunt
2608 4096 2762 4168 legis,
2787 4105 2921 4166 quas
2942 4087 2996 4149 et
3025 4094 3348 4178 iudicandos
3375 4097 3443 4151 ab
3482 4097 3566 4151 his

1985 4192 2136 4255 dicit,
2171 4192 2223 4245 in
2253 4191 2449 4262 quibus
2477 4197 2582 4245 non
2605 4190 2782 4245 carnis
2809 4189 3168 4256 circumcisio,
3193 4190 3287 4244 sed
3308 4188 3442 4260 legis
3473 4191 3566 4244 ob-

1989 4284 2230 4340 servatio
2257 4287 2380 4350 eet.
2438 4277 2732 4338 Possumus
2787 4289 2968 4335 autem
3020 4293 3087 4336 ex
3134 4281 3238 4336 hac
3283 4294 3565 4350 compara-

1993 4379 2139 4433 tione
2167 4376 2334 4433 etiam
2378 4385 2594 4431 nostros
2641 4376 2693 4430 in
2744 4373 2985 4430 Ecclesia
3015 4387 3386 4439 commonere,
3417 4373 3567 4428 verbi

1993 4483 2153 4525 causa
2184 4486 2196 4521 :
2233 4469 2278 4523 si
2307 4470 2546 4524 dicamus
2575 4468 2626 4522 in
2667 4468 2930 4538 praeputio
2957 4467 3131 4520 adhuc
3159 4481 3279 4521 esse
3316 4467 3570 4521 catechu-

1993 4567 2182 4616 menos
2210 4570 2301 4614 aut
2329 4561 2489 4614 etiam
2519 4559 2763 4629 gentiles,
2788 4568 2843 4613 et
2867 4558 3213 4613 circumcisus
3241 4573 3360 4612 esse
3386 4557 3570 4612 ﬁdeles

1989 4661 2091 4726 per
2128 4656 2354 4723 gratiam
2400 4653 2672 4722 baptismi.
2715 4651 2772 4705 Si
2803 4665 2931 4722 ergo
2973 4651 3430 4711 catechumenus,
3477 4649 3567 4718 qui

1993 4747 2233 4802 nondum
2271 4759 2372 4814 per
2410 4743 2636 4813 gratiam
2661 4740 2858 4794 lavacri
2889 4729 3240 4794 circumcisus
3265 4745 3363 4798 est,
3400 4734 3568 4807 legem

1993 4835 2198 4892 Christi
2255 4841 2466 4898 servet,
2519 4831 2759 4901 justitias
2828 4837 2881 4884 et
2948 4829 3202 4882 mandata
3269 4827 3567 4891 custodiat,

1993 4942 2174 4983 nonne
2201 4940 2266 4981 ex
2291 4921 2912 4993 comparationejudicat
2939 4936 3058 4975 eum
3106 4921 3195 4989 qui
3231 4919 3399 4974 ﬁdelis
3441 4919 3571 4973 dici-

1991 5027 2080 5073 tur
2104 5027 2158 5073 et
2185 5026 2449 5088 przecepta
2476 5030 2580 5069 non
2608 5021 2786 5068 servat
2815 5025 2877 5067 ac
2899 5013 3068 5079 legem
3097 5009 3298 5064 Christi
3324 5017 3378 5063 et
3423 5025 3574 5062 mau-

1994 5112 2119 5166 data
2154 5107 2484 5164 contemnit?
2512 5106 2750 5173 Denique
2777 5112 2832 5158 et
2873 5105 2986 5172 ipse
3025 5101 3282 5155 Dominus
3313 5101 3525 5155 dicebat
3555 5119 3566 5153 :

2000 5201 2200 5272 Regina
2225 5201 2404 5253 Austri
2433 5209 2602 5268 surget
2637 5201 2689 5251 in
2716 5197 2921 5267 judicio
2951 5212 3066 5248 cum
3093 5196 3420 5264 generatione
3451 5195 3568 5259 hac,

1994 5302 2046 5345 ‘et
2073 5289 2432 5346 condemnabit
2462 5305 2596 5351 eam,
2620 5288 2742 5356 quia
2771 5287 2904 5339 venit
2935 5303 2966 5338 a
2993 5283 3183 5352 ﬁnibus
3211 5293 3360 5337 terra:
3390 5284 3573 5337 audire

1995 5383 2308 5452 sapientiam
2337 5379 2630 5433 Salomonis
2665 5373 2878 5448 (Matt-lt.
2911 5376 3029 5446 xu).

2074 5474 2195 5527 Non
2237 5474 2373 5526 enim
2405 5473 2492 5542 qui
2524 5470 2575 5522 in
2602 5470 2875 5538 manifesto
2901 5467 3120 5521 Judwus
3147 5453 3242 5532 est,
3269 5463 3437 5538 neque
3461 5482 3575 5536 quae

2001 5564 2176 5634 palam
2197 5565 2250 5616 in
2271 5573 2426 5616 carne
2447 5561 2791 5624 circumcisio,
2814 5560 2904 5613 sed
2927 5559 3014 5631 qui
3041 5561 3094 5613 in
3121 5559 3321 5614 occulto
3357 5559 3575 5611 Judwn‘s

1999 5664 2100 5720 est,
2131 5666 2178 5710 et
2201 5644 2525 5708 circumcisio
2552 5653 2721 5706 contis
2751 5668 2805 5705 in
2832 5652 3034 5721 spiritu,
3063 5667 3165 5703 non
3202 5649 3390 5709 littera,
3426 5645 3574 5713 cujus

2002 5745 2118 5799 laus
2146 5759 2247 5799 non
2284 5759 2348 5798 ea:
2387 5742 2700 5805 hominibus,
2745 5743 2833 5796 sed
2861 5757 2925 5796 ex
2955 5742 3061 5795 Deo
3087 5749 3180 5794 est.
3205 5735 3395 5808 -(Aug.)
3426 5734 3575 5800 Quod

2002 5849 2182 5894 autem
2209 5836 2366 5901 dicit,
2414 5835 2619 5906 spiritu,
2651 5847 2752 5888 non
2789 5833 2980 5897 littera,
3010 5832 3115 5886 hoc
3165 5835 3248 5883 est
3292 5833 3350 5880 ut
3384 5841 3577 5880 secun-

2005 5933 2130 5988 dum
2157 5929 2425 6003 spiritum,
2450 5943 2556 5983 non
2579 5926 2873 5984 secundum
2897 5923 3040 5995 quod
3069 5921 3232 5976 habet
3264 5919 3463 5983 littera,
3488 5915 3572 5988 lex
