4056 6336
348 352 490 410 1529

349 562 476 634 quid
503 564 842 620 incredulitas
872 566 1084 622 illorum
1121 570 1280 637 ﬁdem
1309 571 1407 624 Dei
1432 575 1742 629 evacuabit?
1768 575 1920 629 absit.

353 654 588 726 (Amhr.)
630 655 768 723 Non,
799 659 991 729 inquit,
1023 662 1149 730 quia
1174 662 1338 731 aliqui
1371 660 1676 720 Iudaeorum
1705 667 1928 722 credere

353 745 642 802 noluerunt
684 765 804 820 quae
840 750 980 806 Deus
1008 753 1259 821 promisit
1287 753 1410 809 ﬁliis
1437 754 1688 822 Abrahae,
1724 757 1928 813 idcirco

352 837 787 907 przejudicabitur
813 844 1022 898 caeteris
1052 843 1251 898 Judaais
1271 861 1340 900 ne
1353 847 1496 917 digni
1527 848 1774 903 dicantur
1787 851 1930 904 acci-

355 945 482 1000 pere
505 935 648 1002 quod
677 935 924 1002 promisit
950 936 1090 990 Deus
1120 937 1388 999 ﬁdelibus,
1414 939 1612 1010 quippe
1630 955 1754 994 cum
1786 939 1930 995 facta

356 1024 426 1077 sit
466 1026 775 1094 promissio,
825 1036 884 1082 ut
919 1029 1260 1084 credentibus
1285 1030 1592 1102 proﬁceret.
1633 1031 1800 1102 Igitur
1823 1048 1930 1088 non

355 1115 668 1184 indignatus
697 1118 837 1174 Deus
877 1131 1097 1189 propter
1139 1121 1350 1176 illorum
1397 1123 1695 1190 perﬁdiam,
1730 1123 1782 1180 id
1824 1133 1928 1190 est,

353 1205 680 1276 Iudaeorum,
729 1212 877 1266 dabit
909 1213 1131 1282 reliquis
1180 1215 1520 1270 credentibus
1571 1215 1737 1270 vitam
1776 1225 1934 1270 reter-

355 1317 502 1368 nam,
559 1318 720 1372 quam
770 1305 1018 1373 promisit
1065 1303 1298 1360 futuram
1346 1321 1443 1375 per
1493 1306 1653 1361 ﬁdem
1695 1305 1930 1371 Christi;

355 1394 480 1462 quia
510 1395 600 1463 qui
635 1411 741 1450 non
771 1397 1133 1462 crediderunt,
1171 1397 1272 1468 ipsi
1300 1414 1359 1453 se
1392 1398 1640 1470 indignos
1669 1399 1932 1464 fecerunt,

356 1488 471 1543 sine
519 1486 835 1558 prcejudicio
874 1498 1206 1545 cancrorum.
1249 1490 1342 1545 His
1386 1492 1542 1546 dictis
1590 1490 1938 1546 commendat

315 1601 326 1618 -
357 1580 642 1635 credentes
683 1579 918 1647 Iudaeos,
960 1583 1085 1652 quia
1135 1582 1267 1638 nihil
1298 1584 1451 1639 obest
1495 1584 1580 1649 iis,
1617 1583 1743 1654 quia
1781 1581 1936 1637 multi

356 1685 423 1726 ex
474 1666 578 1726 illis
625 1674 847 1729 credere
889 1676 1198 1732 noluerunt.
1226 1677 1412 1732 Fidem
1441 1679 1535 1732 Dei
1561 1678 1645 1732 vel
1685 1693 1806 1733 eam
1851 1671 1943 1732 in-'

357 1763 691 1836 telligimus,
743 1785 905 1838 quam
965 1770 1120 1824 ﬁdem
1174 1769 1334 1824 habet
1396 1771 1536 1825 Deus
1600 1771 1685 1826 his
1741 1771 1938 1841 quibus

799 414 801 418 .
878 359 1429 424 ENARRATIONUM
1464 368 1530 423 IN
1568 369 1716 426 EPP.
1760 372 1964 429 PAULI
1999 373 2125 428 LIB.
2167 375 2228 430 ll.
2269 406 2339 416 --
2375 377 2442 432 ΙΝ
2476 379 2694 434 EPIST.
2734 381 2826 434 AD
2859 381 3027 437 ROM.

361 445 370 550 ’γ
575 473 710 569 enim
793 475 1006 569 quidam
1027 475 1235 532 illorum
1255 496 1355 533 non
1377 481 1749 537 crediderunt?
1771 483 1925 537 Nun—
1957 489 2005 546 Α
2030 485 2264 540 minibus
2285 487 2480 541 dicitur
2498 507 2510 543 :
2529 474 2732 544 Fuistis
2747 473 3029 562 aliquando
3049 495 3270 548 tenebras
3287 494 3500 565 (Ephes.
3522 498 3597 569 v).

3459 387 3597 440 1550

2031 579 2170 634 Ecce
2225 583 2400 636 omnis
2447 583 2606 640 homo
2655 587 2922 651 mendax;
2976 587 3085 642 Deo
3135 599 3314 641 autem
3362 588 3598 642 dicitur:

2030 671 2183 740 Apud
2207 682 2254 726 te
2290 673 2406 741 fons
2439 675 2556 728 vita:
2593 686 2640 730 et
2679 678 2735 730 in
2767 675 2961 730 lumine
2999 687 3087 731 tuo
3113 679 3398 732 videbimus
3427 678 3606 733 lumen

2031 761 2205 832 (Psal.
2248 764 2446 834 xxxv);
2487 775 2541 819 et
2573 767 2697 834 quia
2750 769 2896 823 solus
2944 769 3086 823 Deus
3126 784 3313 834 verax,
3349 771 3605 839 quoniam

1971 908 1977 918 ,
2031 853 2173 907 Deus
2199 855 2291 907 lux
2318 865 2392 908 est
2415 865 2460 908 et
2497 857 2717 911 tenebra:
2746 859 2800 912 in
2826 876 2885 912 eo
2909 877 3012 914 non
3033 871 3154 914 sunt
3177 861 3301 915 alltc
3325 863 3506 932 (Jaan.
3527 859 3603 931 1);

2031 943 2278 1000 homines
2310 948 2572 1010 tenebrae,
2614 947 2757 1002 Deus
2783 949 2908 1013 lux;
2946 951 3107 1006 homo
3145 952 3376 1006 mendax
3402 993 3417 1016 ,
3464 952 3609 1007 Deus

2031 1051 2228 1103 verax;
2265 1038 2480 1106 quando
2509 1038 2615 1092 erit
2660 1040 2823 1094 homo
2842 1055 3031 1106 verax,
3065 1043 3291 1096 accedite
3320 1043 3388 1096 ad
3418 1059 3536 1096 eum
3557 1050 3610 1096 et

2031 1127 2404 1184 illuminamini
2434 1128 2606 1200 (Psal.
2632 1131 2844 1204 xxxm).
2868 1131 2982 1186 Hoc
3002 1147 3131 1202 ergo
3148 1133 3609 1204 voluitScriptura

2033 1234 2368 1291 monstrare,
2399 1227 2521 1295 quia
2552 1227 2728 1281 omnis
2753 1227 2937 1306 homo,
2963 1243 3185 1297 prorsus
3211 1229 3406 1291 omnis,
3433 1243 3608 1297 quan:

2034 1327 2147 1372 tum
2179 1319 2246 1371 ad
2281 1320 2452 1388 ipsum
2481 1320 2749 1374 hominem
2775 1321 3038 1388 pertinet,
3069 1319 3301 1373 mendax
3327 1323 3441 1384 est;
3482 1335 3611 1373 nam

2033 1427 2140 1466 non
2170 1420 2252 1466 est
2282 1411 2508 1466 mendax
2527 1453 2542 1477 ,
2584 1413 2689 1466 nisi
2727 1413 2794 1467 de
2819 1427 2916 1467 suo
2938 1451 2953 1477 ,
2982 1426 3081 1466 nec
3108 1412 3275 1466 habet
3301 1411 3504 1480 aliquid
3544 1409 3615 1463 de

2036 1523 2156 1572 suo,
2176 1509 2278 1562 nisi
2301 1517 2360 1562 ut
2384 1509 2453 1563 sit
2480 1507 2710 1563 mendax
2736 1523 2750 1561 :
2774 1522 2878 1562 non
2899 1507 3024 1576 quia
3051 1521 3155 1560 non
3176 1514 3357 1576 potest
3380 1521 3500 1560 esse
3521 1517 3616 1557 ve-

1974 1663 1981 1671 _
2037 1613 2131 1652 rax
2152 1639 2165 1663 ,
2201 1598 2293 1651 sed
2323 1599 2448 1667 quia
2483 1614 2590 1652 non
2616 1599 2680 1652 de
2706 1613 2802 1652 suo
2827 1597 2932 1651 erit
2958 1611 3122 1650 verax
3142 1637 3155 1660 ,
3193 1595 3313 1649 ideo
3342 1603 3403 1648 ut
3425 1594 3496 1648 sit
3521 1607 3617 1646 ve-

2039 1705 2136 1742 rax
2169 1707 2180 1742 :
2211 1687 2450 1752 Credidi,
2479 1698 2690 1759 propter
2715 1688 2852 1758 quod
2884 1687 3087 1741 locutus
3109 1701 3225 1740 sum
3253 1683 3427 1756 (Psal.
3465 1682 3614 1750 cxv),

2041 1781 2166 1835 tolle
2189 1781 2265 1834 illi
2286 1781 2501 1845 credidi,
2543 1780 2708 1833 omnis
2739 1779 2891 1832 homo
2916 1778 3158 1832 mendax.
3182 1776 3318 1831 Cum
3341 1776 3484 1830 enim
3523 1788 3611 1828 re-

357 1857 530 1909 credil
565 1857 778 1926 διορυίει
809 1876 940 1923 sua;
978 1861 1062 1916 vel
1089 1877 1207 1916 eam
1247 1862 1408 1917 ﬁdem
1440 1878 1545 1931 qua
1569 1864 1797 1917 οτθάυηῑ
1821 1863 1932 1918 Deo
1959 1858 2008 1916 Β
2036 1873 2261 1928 cesserit
2294 1888 2324 1926 a
2363 1872 2591 1926 veritate
2619 1871 2732 1935 Dei,
2771 1870 3071 1924 remanebit
3101 1869 3155 1922 in
3187 1868 3464 1923 mendacio
3492 1881 3614 1930 suo,

358 1946 414 2000 hi
454 1948 544 2014 qui
588 1949 656 2002 ab
693 1965 759 2004 eo
795 1951 1006 2020 eloquia
1051 1952 1229 2006 divina
1262 1953 1580 2023 suscipiunt.
1615 1953 1936 2010 Commone—

359 2056 481 2095 mur
500 2056 660 2110 ergo,
693 2051 753 2098 ut
783 2043 1070 2099 inﬁdelitas
1096 2059 1284 2099 eorum
1306 2046 1395 2114 qui
1426 2046 1510 2101 vel
1541 2063 1647 2102 non
1675 2047 1939 2102 accedunt

359 2133 426 2187 ad
473 2133 653 2201 ﬁdem,
692 2136 775 2190 vel
797 2137 1049 2192 decidunt
1089 2154 1158 2193 ex
1194 2154 1277 2205 ea,
1301 2139 1345 2194 si
1375 2139 1514 2194 forte
1551 2140 1812 2195 irrideant
1839 2156 1939 2196 nos

358 2241 521 2296 opera
570 2226 691 2282 ﬁdei
737 2237 980 2299 agentes,
1007 2230 1093 2285 vel
1138 2245 1259 2285 cum
1306 2231 1632 2302 jejunamus,
1684 2233 1768 2288 vel
1815 2249 1939 2288 cum

359 2317 762 2374 misericordias
795 2319 1041 2385 facimus,
1088 2319 1173 2376 vel
1212 2338 1335 2376 cum
1379 2323 1571 2377 studiis
1617 2332 1673 2378 et
1709 2323 1810 2394 legi
1845 2324 1941 2380 Dei

360 2422 582 2477 Operam
621 2411 814 2466 damus
847 2411 931 2467 vel
969 2412 1133 2467 etiam
1176 2428 1298 2468 cum
1325 2428 1422 2482 pro
1451 2415 1712 2485 martyrio
1737 2414 1942 2470 Christi

362 2508 630 2555 tormenta
649 2501 975 2567 suﬁ‘erimus,
1001 2503 1406 2558 meminerimus
1429 2492 1661 2574 semper,
1681 2506 1807 2575 quia
1828 2506 1949 2560 inﬁ-

363 2589 557 2648 delitas
575 2607 763 2647 eorum
785 2592 943 2649 ﬁdem
965 2595 1062 2651 Dei
1084 2611 1203 2665 quae
1219 2596 1273 2649 in
1290 2595 1446 2651 nobis
1471 2606 1553 2651 est
1574 2612 1716 2652 none
1728 2605 1941 2653 vacuat.

374 2723 380 2742 _.
434 2681 532 2736 Est
574 2684 712 2737 enim
740 2683 880 2739 Deus
907 2703 1084 2750 uerax,
1117 2687 1284 2740 omnis
1315 2697 1492 2742 autem
1513 2689 1667 2742 homo
1695 2689 1944 2755 mendax,

364 2776 500 2828 sicut
538 2776 788 2845 scriptum
824 2786 922 2842 est,
958 2787 1014 2832 ut
1047 2779 1357 2849 justiﬁceris
1383 2782 1443 2850 in
1465 2781 1788 2835 sermonibus
1822 2783 1946 2848 tuis,

365 2877 413 2922 et
454 2869 663 2935 vincas,
693 2886 810 2923 cum
840 2871 1125 2940 judicaris.
1171 2871 1240 2926 Ut
1263 2872 1575 2927 ﬁrmaretur
1611 2873 1752 2943 quod
1785 2889 1948 2944 supra

366 2961 517 3022 dixit,
557 2962 698 3030 quod
730 2963 870 3017 Deus
914 2963 965 3017 in
1008 2965 1366 3032 promissione
1414 2981 1508 3020 sua
1541 2966 1713 3020 ﬁdelis
1742 2974 1853 3031 est,
1897 2973 1952 3020 et

365 3053 541 3108 omnis
573 3053 736 3107 homo
761 3053 1014 3118 mendax,
1044 3054 1346 3125 exemplum
1370 3055 1742 3124 propheticum
1772 3058 1954 3112 subdit

366 3160 434 3199 ex
467 3145 674 3212 psalmo
713 3146 1186 3215 quinquagesimo,
1225 3163 1332 3216 quo
1357 3156 1412 3203 et
1437 3145 1608 3206 Deu'm
1631 3150 1810 3204 verbis
1838 3151 1951 3205 suis

2038 1965 2291 2036 quoniam
2331 1964 2422 2034 qui
2462 1963 2692 2033 loquitur
2736 1961 3099 2023 mendacium,
3154 1959 3218 2012 de
3253 1973 3350 2011 suo
3388 1955 3620 2025 loquitur

2039 2057 2221 2128 (Joan.
2265 2054 2404 2126 vm).
2434 2054 2530 2108 Dic
2555 2067 2684 2123 ergo
2717 2071 2729 2105 :
2764 2050 2902 2116 Quid
2945 2049 3228 2103 retribuam
3261 2047 3483 2100 Domino
3522 2060 3617 2115 pro

2040 2147 2279 2201 omnibus
2320 2163 2436 2216 qua:
2480 2143 2715 2198 retribuit
2751 2141 2916 2195 mihi?
2945 2138 3115 2211 (Psal.
3149 2138 3295 2209 cxv.)
3325 2137 3382 2192 In
3419 2149 3622 2206 pavore

2041 2239 2186 2292 enim
2211 2252 2332 2290 meo
2360 2235 2490 2301 dixi,
2519 2243 2572 2289 et
2590 2249 2776 2288 verum
2809 2231 2939 2294 dixi,
2971 2230 3139 2283 omnis
3170 2229 3322 2281 homo
3357 2225 3620 2287 mendax;

2043 2328 2137 2383 sed
2165 2325 2427 2381 retribuet
2446 2325 2578 2378 mihi
2601 2339 2705 2378 non
2727 2335 2942 2392 ptenam
2968 2336 3063 2391 pro
3086 2318 3388 2383 mendacio,
3411 2317 3504 2371 sed
3527 2318 3623 2370 bo-

2043 2434 2172 2474 num
2192 2433 2293 2488 pro
2319 2416 2484 2482 malo,
2513 2424 2568 2469 et
2591 2413 2940 2485 justiﬁcando
2962 2411 3206 2482 impium,
3237 2410 3365 2465 fecit
3385 2409 3452 2464 de
3471 2423 3623 2462 men-

2045 2509 2178 2566 dace
2197 2501 2466 2563 veracem.
2491 2506 2604 2576 Ego
2626 2514 2800 2559 autem
2823 2505 2933 2558 dixi
2960 2504 3016 2556 in
3037 2503 3233 2556 exstasi
3255 2517 3370 2555 mea
3393 2513 3411 2552 :
3437 2498 3623 2553 Omnis

2045 2597 2478 2652 homo‘mendax.
2513 2597 2762 2651 Exstasin
2807 2607 3068 2665 pavorem
3099 2592 3249 2656 dicit,
3291 2604 3448 2659 quem
3475 2602 3624 2642 com-

2047 2689 2378 2744 minantibus
2413 2685 2880 2758 persecutoribus,
2930 2694 2986 2740 et
3027 2681 3458 2753 impendentibus
3499 2693 3625 2749 pas-

2047 2780 2310 2843 sionibus,
2347 2780 2582 2834 humana
2627 2777 2915 2832 inﬁrmitas
2945 2776 3168 2846 patitur.
3208 2771 3320 2828 Hoc
3358 2771 3504 2826 enim
3545 2770 3627 2823 in-

2048 2875 2362 2946 telligimus,
2401 2875 2524 2944 quia
2558 2873 2611 2928 in
2641 2874 2746 2927 isto
2779 2872 2985 2941 psalmo
3003 2869 3107 2925 vox
3132 2879 3429 2940 martyrum
3460 2882 3627 2936 appa-

2050 2975 2168 3033 ret;
2216 2982 2339 3020 nam
2371 2973 2426 3020 et
2454 2965 2557 3019 alio
2597 2965 2754 3019 modo
2783 2964 2980 3018 dicitur
3016 2961 3271 3026 exstasis,
3305 2974 3439 3013 cum
3474 2970 3631 3011 mens

2052 3075 2156 3112 non
2193 3073 2392 3128 pavore
2414 3057 2666 3120 alienata,
2708 3055 2800 3110 sed
2831 3055 3010 3124 aliqua
3037 3052 3392 3123 inSpiratioue
3419 3049 3626 3105 revela-

2053 3151 2214 3205 tionis
2245 3151 2578 3216 absumitur;
2614 3150 2942 3205 conterritus
2974 3149 3136 3212 enim,
3172 3145 3450 3215 perspexit
3475 3144 3629 3197 inﬁr-

361 3234 671 3304 justiﬁcari,
733 3244 789 3291 et
848 3237 1120 3292 hominem
1178 3239 1492 3294 mendacem
1557 3241 1949 3296 incredulitatis
1975 3210 2020 3274 (ἶ
2053 3244 2292 3298 mitatem
2339 3259 2516 3305 suam,
2562 3252 2617 3297 et
2653 3243 2788 3297 vidit
2817 3257 2923 3296 non
2953 3241 3018 3294 de
3049 3257 3108 3294 se
3145 3238 3247 3294 sibi
3279 3253 3401 3293 esse
3427 3251 3632 3306 prazsu-

369 3343 532 3382 causa
559 3328 810 3398 signavit.
831 3328 1130 3398 Utrumque
1158 3331 1301 3384 enim
1328 3331 1524 3402 legitur
1561 3333 1616 3386 in
1639 3332 1776 3387 libro
1794 3333 1948 3388 Psal-

370 3433 612 3482 morum,
663 3419 790 3487 quia
825 3419 984 3473 Deus.
996 3420 1173 3489 justus
1220 3430 1274 3474 et
1301 3437 1471 3476 verax
1522 3432 1624 3488 est,
1675 3433 1731 3478 et
1778 3425 1953 3479 omnis

371 3508 534 3563 homo
556 3508 810 3562 mendax.
845 3508 1155 3564 Mendacem
1185 3511 1460 3566 hominem
1505 3513 1636 3567 dicit
1673 3515 1798 3569 dum
1844 3530 1952 3569 non

373 3597 545 3653 credit
580 3597 723 3666 quod
774 3597 1023 3666 promisit
1060 3599 1233 3665 Deus;
1274 3616 1478 3671 negans
1512 3602 1656 3656 enim
1701 3603 1953 3656 daturum

372 3690 541 3767 Deum
567 3688 711 3758 quod
753 3689 1020 3758 promisit,
1047 3692 1276 3746 mendax
1307 3701 1416 3758 est;
1454 3692 1636 3748 multis
1673 3709 1740 3748 ex
1777 3693 1956 3749 causis

375 3783 544 3836 Deum
570 3779 884 3836 mendacem
914 3783 1262 3850 pronuntiat,
1290 3785 1503 3853 quando
1529 3786 1810 3854 promissis
1840 3785 1956 3856 ejus

376 3889 484 3928 non
513 3873 707 3928 credit.
730 3871 898 3941 Igitur
924 3888 1140 3929 omnem
1163 3874 1434 3931 hominem
1465 3877 1778 3932 mendacem
1801 3877 1953 3944 dicit,

376 3969 468 4040 qui
499 3967 794 4025 ditlidit'de
833 3970 1115 4039 promissis
1143 3969 1258 4025 Dei.
1291 3969 1522 4026 Maxime
1555 3980 1735 4026 tamen
1766 3971 1834 4025 ad
1858 3970 1955 4027 Ju-

379 4061 522 4115 dteos
547 4062 651 4116 hoc
684 4063 932 4131 pertinet,
962 4076 1190 4131 quorum
1235 4076 1458 4116 causam
1487 4070 1684 4116 tractat
1711 4061 1813 4116 hoc
1837 4060 1958 4116 loco

377 4153 694 4222 Apostolus,
730 4155 820 4223 qui
847 4153 1092 4209 videntes
1119 4152 1390 4209 Christum
1409 4194 1423 4218 ,
1453 4162 1786 4222 negaverunt
1812 4153 1958 4207 hunc

378 4259 498 4299 esse
527 4245 687 4314 quem
714 4244 961 4315 promisit
988 4244 1150 4309 Deus,
1183 4259 1247 4298 ac
1272 4259 1368 4314 per
1387 4244 1492 4299 hoc
1517 4243 1806 4298 mendaces
1828 4258 1958 4312 pro-

379 4339 722 4394 nuntiantur:
742 4339 884 4393 Deus
897 4347 1074 4392 autem
1089 4353 1254 4392 verax
1268 4346 1369 4402 est,
1385 4339 1508 4408 quia
1523 4339 1957 4394 misitChristum

381 4431 518 4483 sicut
551 4429 820 4496 promisit.
847 4429 912 4481 Et
941 4429 1019 4482 sic
1046 4429 1214 4482 vincit
1239 4443 1361 4482 cum
1384 4426 1680 4496 judicatur,
1712 4431 1838 4498 quia
1862 4429 1959 4482 da-

379 4520 458 4573 bit
478 4519 621 4588 quod
641 4519 864 4574 daturus
878 4527 1108 4587 negatur
1130 4537 1145 4574 :
1176 4521 1302 4574 dum
1323 4520 1465 4574 enim
1493 4537 1600 4575 non
1623 4523 1671 4575 ei
1689 4522 1953 4588 creditur,

382 4611 613 4665 mendax
626 4610 918 4681 judicatur.
943 4611 1034 4665 llle
1052 4619 1232 4666 autem
1252 4628 1373 4667 cum
1396 4613 1488 4666 dat
1518 4614 1660 4683 quod
1687 4613 1962 4682 judicatur

383 4719 490 4757 non
513 4702 757 4765 daturus,
788 4703 973 4769 vincit,
1002 4704 1292 4758 ostendens
1313 4719 1371 4759 se
1391 4719 1663 4770 veracem,
1687 4704 1832 4758 illum
1859 4722 1959 4760 au-

385 4802 490 4847 tem
519 4793 832 4848 mendacem
854 4834 870 4860 ,
902 4794 993 4863 qui
1035 4811 1142 4848 non
1176 4795 1347 4850 credit
1373 4795 1551 4850 verbis
1579 4796 1712 4865 ejus.
1745 4796 1962 4852 Videbit

383 4886 525 4941 enim
557 4885 651 4940 Dei
675 4883 865 4939 Filium
893 4885 947 4939 in
969 4885 1252 4954 majestate
1279 4900 1438 4956 quem
1461 4895 1654 4957 negat;
1683 4887 1887 4942 videbit
1906 4896 1963 4943 et

385 4978 568 5031 carnis
599 4977 1068 5042 resurrectionem,
1093 4986 1148 5031 et
1169 4978 1516 5032 scietvictam
1538 4993 1658 5034 esse
1677 4979 1961 5048 perﬁdiam

385 5067 768 5138 pollicitatione
805 5075 860 5122 et
903 5067 1130 5121 veritate
1159 5067 1252 5121 Dei
1303 5065 1504 5138 [Forte,
1550 5082 1647 5137 per
1670 5067 1826 5122 ﬁdem
1848 5067 1966 5137 pol-

387 5157 589 5212 licitam
610 5166 664 5212 et
687 5157 972 5213 veritatem
999 5157 1138 5229 Dei].
1171 5157 1305 5212 Nam
1329 5167 1382 5212 et
1407 5157 1654 5213 Christus
1675 5176 1800 5213 cum
1822 5158 1967 5227 judi-

388 5257 542 5303 catus
570 5259 673 5320 est,
695 5249 826 5304 vicit
855 5268 867 5302 :
896 5249 1078 5318 inique
1107 5251 1250 5302 enim
1276 5249 1488 5304 occisus
1511 5258 1614 5312 est,
1639 5257 1694 5302 et
1715 5264 1868 5303 reum
1891 5249 1969 5304 fe-
1993 5257 1995 5260 ‘

387 5336 460 5390 cit
483 5335 751 5390 diabolum
774 5353 933 5408 quem
954 5337 1069 5406 jam
1094 5354 1201 5393 non
1220 5338 1493 5407 peccando
1517 5347 1887 5408 superaverat,
1909 5349 1969 5395 ut

389 5427 624 5483 secundo
670 5429 847 5483 victus
888 5432 1183 5494 amitteret,
1227 5446 1362 5500 quos
1401 5431 1618 5485 tenebat
1661 5431 1716 5484 in
1756 5430 1966 5498 inieris,

388 5519 491 5575 hoc
514 5529 632 5585 est,
667 5520 792 5590 quia
815 5520 992 5575 omnis
1024 5521 1184 5576 homo
1218 5523 1467 5586 mendax,
1501 5522 1645 5577 Deus
1674 5530 1854 5577 autem
1883 5539 1971 5579 so-

392 5613 475 5668 lus
497 5627 684 5667 verax.
725 5611 866 5681 Ergo
896 5613 940 5666 si
980 5614 1123 5669 Deus
1151 5629 1316 5668 verax
1344 5622 1397 5669 et
1420 5613 1566 5669 solus
1587 5630 1772 5680 verax,
1795 5616 1972 5670 omnis

367 5704 572 5765 autem
619 5707 780 5763 homo
832 5707 1083 5773 mendax,
1130 5711 1274 5764 unde
1309 5710 1414 5764 erit
1442 5709 1604 5766 homo
1629 5724 1797 5766 verax
1818 5751 1833 5775 ,
1867 5711 1972 5766 nisi

394 5800 685 5857 accesserit
715 5799 784 5856 ad
813 5813 937 5856 eum
963 5799 1053 5870 qui
1083 5815 1188 5856 non
1213 5809 1295 5857 est
1315 5800 1580 5858 mendax?
1606 5800 1848 5870 Denique
1874 5802 1973 5857 ho-

2052 3334 2329 3388 mendum.
2373 3333 2643 3399 Quantum
2686 3333 2831 3387 enim
2862 3332 2928 3386 ad
2967 3333 3140 3402 ipsum
3165 3329 3435 3384 hominem
3462 3324 3634 3396 perti-

2052 3435 2146 3479 net
2173 3427 2402 3480 mendax
2425 3433 2528 3490 est,
2558 3425 2652 3479 sed
2676 3424 2848 3494 gratia
2873 3423 2970 3477 Dei
2995 3437 3159 3477 verax
3183 3420 3407 3475 effectus
3426 3427 3539 3480 est,
3565 3431 3635 3472 ne

2052 3516 2325 3586 pressuris
2367 3515 2704 3568 inimicorum
2735 3513 2964 3578 cedens,
3002 3528 3110 3566 non
3148 3511 3464 3580 loqueretur
3487 3507 3632 3578 quod

2057 3604 2380 3669 crediderat,
2404 3605 2498 3659 sed
2513 3612 2758 3675 negaret,
2782 3604 2920 3658 sicut
2943 3603 3104 3656 Petro
3131 3601 3350 3664 accidit,
3375 3599 3633 3668 quoniam

2057 3696 2125 3750 de
2153 3711 2210 3750 se
2240 3702 2678 3766 priesumpserat.
2703 3692 2936 3747 Proinde
2955 3691 3235 3746 verissime
3264 3690 3465 3744 dictum
3494 3696 3578 3740 est
3619 3703 3634 3740 :

2061 3786 2242 3840 Omnis
2289 3787 2442 3839 homo
2486 3787 2731 3840 mendax.
2778 3785 2835 3839 ln
2889 3792 3092 3840 tantum
3128 3783 3273 3838 enim
3316 3796 3424 3836 non
3478 3787 3641 3834 erunt

2058 3877 2366 3938 mendaces,
2401 3877 2455 3931 in
2477 3885 2736 3947 quantum
2762 3893 2870 3931 non
2901 3885 3060 3930 erunt
3085 3875 3356 3938 homines,
3379 3872 3638 3943 quoniam

2059 3969 2131 4023 dii
2170 3976 2331 4023 erunt
2357 3978 2412 4022 et
2437 3967 2531 4021 ﬁlii
2569 3966 2852 4021 Altissimi.
2889 3964 2957 4020 Ut
2972 3965 3316 4035 justiﬁceris,
3347 3961 3542 4030 inquit,
3579 3961 3638 4014 in

2060 4060 2381 4114 sermonibus
2395 4061 2517 4123 tuis,
2541 4068 2588 4113 et
2608 4061 2782 4114 vincas
2805 4058 2930 4111 dum
2947 4055 3232 4127 judicaris.
3261 4053 3401 4121 Quid
3427 4053 3640 4107 esthoc

2060 4156 2298 4211 futurum
2323 4156 2561 4226 judicem
2585 4156 2972 4225 judicandum?
2999 4153 3354 4209 Judicandum
3383 4169 3411 4205 a
3441 4165 3641 4221 pecca-

2061 4248 2270 4303 toribus
2293 4247 2500 4317 justum
2531 4256 2587 4302 et
2607 4247 2661 4302 in
2691 4263 2756 4302 eo
2780 4247 3085 4302 vincentem
3119 4263 3131 4299 :
3163 4244 3288 4315 quia
3312 4243 3443 4314 quid
3466 4243 3520 4297 in
3551 4240 3642 4297 illo

2059 4338 2408 4408 judicaretur,
2452 4355 2559 4394 non
2607 4346 2745 4394 erat.
2779 4337 2917 4394 Huic
2958 4337 3141 4407 itaque
3169 4335 3373 4390 nullum
3420 4332 3642 4389 habenti

2062 4441 2344 4501 peccatum
2393 4432 2523 4487 dicit
2563 4431 2618 4486 in
2662 4431 2952 4501 praesentia
2984 4429 3244 4500 propheta
3273 4427 3444 4482 David
3483 4443 3497 4480 :
3528 4424 3644 4478 Tibi

2063 4523 2164 4578 soli
2200 4525 2404 4593 peccavi
2419 4534 2467 4578 et
2495 4527 2692 4578 malum
2713 4539 2889 4576 coram
2920 4532 2987 4588 te,
3015 4529 3117 4577 etc.
3151 4518 3322 4593 (Psal.
3355 4519 3431 4591 L).
3466 4516 3641 4587 Supe-

2066 4631 2154 4669 ras
2190 4616 2331 4669 enim
2368 4629 2557 4670 omnes
2595 4614 2864 4676 homines,
2902 4626 3091 4667 omnes
3112 4612 3350 4682 judices;
3386 4618 3444 4663 et
3463 4611 3553 4678 qui
3582 4624 3642 4663 se

2062 4712 2216 4774 putat
2236 4705 2439 4773 justum
2464 4717 2650 4758 coram
2673 4710 2727 4756 te
2746 4703 2980 4772 injustus
3009 4709 3128 4766 est;
3160 4700 3334 4754 vincis
3359 4714 3493 4772 ergo
3517 4714 3641 4753 cum

2057 4776 2352 4865 judicaris;
2379 4809 2621 4864 superas,
2645 4793 2770 4862 quia
2792 4792 2914 4864 plus
2931 4807 2992 4848 es
3010 4805 3173 4862 quam
3194 4790 3442 4846 homines
3465 4798 3521 4846 et
3545 4803 3646 4860 per

2064 4895 2117 4940 te
2145 4886 2274 4940 facti
2305 4893 2431 4940 sunt
2454 4885 2718 4941 homines.

2135 4977 2194 5034 Si
2223 4988 2398 5032 autem
2423 4979 2683 5048 iniustitia
2707 4989 2886 5034 nostra
2900 4977 2998 5033 Dei
3000 4977 3267 5049 justitiam
3293 4975 3642 5039 commendat,

2068 5070 2195 5141 quid
2216 5069 2488 5124 dicemus?
2515 5069 2769 5141 Nunquid
2788 5070 2997 5141 iniquus
3019 5068 3182 5132 Deus,
3207 5068 3297 5138 qui
3330 5066 3489 5136 infert
3508 5067 3646 5119 iram

2070 5160 2379 5233 (secundum
2412 5161 2671 5215 hominem
2708 5160 2868 5231 dico).
2916 5160 3082 5214 Absit.
3122 5157 3326 5230 (Amb.)
3353 5156 3467 5212 Hoc
3487 5154 3645 5224 juxta

2070 5265 2286 5306 sensum
2299 5253 2576 5321 prophetae
2587 5252 3034 5320 dicitApostolus.
3051 5250 3218 5304 David
3235 5257 3413 5303 autem
3429 5246 3646 5318 quando

2069 5351 2390 5411 peccaverat
2428 5357 2590 5398 causa
2612 5343 2757 5399 Uriae
2769 5342 2993 5410 Hethaei,
3010 5343 3188 5398 sciens
3213 5341 3337 5411 quia
3358 5338 3645 5411 promissio

2070 5433 2444 5501 peccatoribus
2485 5435 2601 5488 dari
2641 5449 2747 5488 non
2776 5441 2972 5502 potest,
3009 5439 3198 5488 exorat
3233 5439 3293 5484 ut
3329 5427 3646 5497 justiﬁeatio

2072 5523 2362 5578 verborum
2391 5525 2444 5578 in
2472 5525 2566 5579 Dei
2595 5525 2778 5578 vincat
2821 5523 3080 5594 judicium
3120 5536 3228 5591 quo
3258 5521 3569 5590 judicantur
3590 5516 3646 5570 hi

2074 5615 2165 5683 qui
2189 5623 2432 5682 peccant,
2458 5623 2512 5669 et
2541 5615 2890 5683 paenitentem
2921 5612 3179 5668 reformet
3198 5609 3562 5669 sanctiﬁcans,
3589 5615 3648 5659 ut

2075 5707 2166 5761 det
2193 5707 2243 5761 ei
2275 5706 2417 5775 quod
2450 5705 2612 5776 justis
2645 5720 2705 5760 se
2726 5707 2978 5760 daturum
3012 5702 3284 5774 promisit.
3312 5697 3390 5750 Ac
3413 5710 3512 5765 per
3545 5696 3650 5750 hoc

2075 5799 2327 5870 subjecit,
2374 5796 2435 5854 Si
2469 5807 2646 5854 autem
2680 5797 2944 5867 injustitia
3003 5802 3182 5849 nostra
3236 5789 3507 5859 justitiam
3549 5787 3649 5843 Det
