4056 6336
307 361 447 446 ire:

833 356 1390 426 ENARRATIONUM
1428 357 1494 424 tu
1537 355 1687 414 EPP.
1730 351 1935 419 mnu
1973 352 2101 422 LIB.
2141 353 2206 414 It.
2245 385 2314 395 —
2349 354 2418 416 IN
2454 354 2679 446 ,EPIST.
2724 358 2814 428 AD
2853 339 3032 428 non;

3431 361 3460 426 .1
3471 362 3574 418 554

308 477 395 532 hic
421 485 565 530 esset
596 472 786 529 sensus
833 477 1241 560 prmdicantium
1285 475 1657 530 remissionem
1698 486 1888 544 pecca-
1916 472 1966 544 Α
1997 472 2151 527 nibus
2197 482 2325 548 puto
2370 473 2697 530 sufﬁcienter
2737 475 2949 531 ostendi
2990 474 3133 554 quod
3165 474 3311 534 aliud
3347 476 3417 544 sit
3452 491 3583 558 pec-

310 575 509 632 torum,
535 563 594 620 ut
622 565 863 621 facerent
898 566 1040 626 mala
1093 578 1148 622 ct
1179 568 1423 622 venirent
1467 561 1628 631 bona,
1669 566 1772 619 hoc
1810 573 1894 618 est

308 667 614 737 peccarent,
653 669 711 713 ut
731 660 1052 716 remittendo
1093 659 1196 714 illis
1221 660 1365 714 Deus
1397 659 1671 714 videretur
1696 660 1894 725 bonus,

309 752 604 810 secundum
634 768 755 824 qua:
780 769 942 824 supra
972 753 1115 808 dicta
1146 763 1270 824 sunt
1296 772 1306 806 :
1335 752 1476 824 quod
1503 751 1896 822 blasphemiam

308 831 559 920 appellat,
578 855 632 902 et
654 846 836 920 abiicit
857 863 886 901 a
913 862 1073 904 sensu
1101 847 1296 902 divina!
1320 847 1594 902 doctrinae.
1617 843 1730 900 Nec
1751 847 1896 899 enim

311 955 536 1011 peccare
577 921 774 993 debere
804 938 934 993 ﬁdes
967 939 1208 1002 tradidit,
1253 939 1451 1010 quippe
1484 935 1897 1004 cumjudieatu-

310 1051 432 1088 rtun
455 1035 620 1100 Deum
644 1033 931 1106 praedicet;
962 1034 1056 1088 sed
1087 1034 1522 1104 delinquentibus
1551 1032 1805 1098 consulit,
1840 1039 1898 1094 ut

310 1109 628 1198 recuperata
679 1125 870 1192 salute,
920 1127 1018 1185 sub
1067 1126 1162 1181 Dei
1208 1127 1321 1198 lege
1370 1125 1612 1180 viventes
1650 1125 1759 1195 iam
1793 1140 1896 1182 non

309 1227 554 1288 peccent.
598 1213 830 1286 Ideoque
860 1215 1107 1288 subjecit,
1159 1217 1396 1284 Quorum
1441 1217 1708 1270 damnatio
1748 1216 1897 1285 justa

308 1321 403 1364 est.
429 1310 484 1364 Id
510 1319 610 1376 est,
653 1311 842 1364 horum
880 1311 1159 1366 hominum
1192 1312 1280 1380 qui
1310 1311 1654 1366 aunulalione
1684 1310 1898 1382 invidiae

310 1402 454 1468 istud
485 1402 550 1455 de
597 1401 751 1478 nobis
801 1403 1244 1474 interpretantur,
1293 1401 1435 1470 quod
1479 1418 1640 1471 supra
1693 1385 1898 1456 dictum

310 1505 417 1562 est,
449 1475 726 1576 damnatio
767 1494 912 1566 iusta
939 1505 1040 1550 est.
1074 1495 1198 1550 Ιιιυο
1227 1495 1372 1549 enim
1399 1494 1680 1564 iactabant
1705 1493 1894 1557 .1ιιι1;υἰ,

311 1599 370 1644 ιιι
419 1590 723 1648 doctrinam
769 1590 1120 1662 apostolicam
1157 1589 1605 1652 criminarentur,
1659 1588 1899 1642 dicentes

310 1684 452 1754 quod
483 1699 603 1738 cum
637 1683 1012 1756 remissionem
1050 1691 1399 1754 peccatorum
1433 1682 1748 1758 praulicant,
1778 1697 1900 1752 pec-

311 1777 467 1848 candi
497 1775 737 1832 fomitem
762 1777 1060 1848 praebeant,
1093 1784 1149 1828 ut
1170 1774 1320 1844 quasi
1351 1775 1528 1850 securi
1559 1773 1804 1830 homines
1833 1774 1898 1830 de

1996 581 2137 629 care,
2182 566 2324 620 aliud
2359 577 2704 638 peccatorem
2749 584 2869 624 esse
2899 587 2910 622 :
2942 577 3001 642 ut
3027 576 3209 642 potest
3261 567 3404 626 enim
3460 567 3582 625 ﬁeri

1996 585 2137 629 care,
2182 585 2324 620 anuu
2359 585 2704 638 peecatorem
2749 585 2869 624 esse
2899 587 2910 622 :
2942 585 3001 642 ut
3065 585 3209 624 OlCSl
3261 585 3404 626 enim
3460 585 3582 625 neri

1994 675 2182 716 omnes
2202 663 2562 730 peccaverint,
2580 662 2794 718 etiamsi
2818 663 2990 736 sancti
3008 585 3208 734 (ﬁerint
3233 681 3244 716 :
3272 661 3397 736 quia
3415 676 3582 730 nemo

1995 754 2228 832 mundus
2259 770 2287 810 a
2321 755 2507 820 sorde,
2541 773 2639 812 nec
2675 757 2718 812 si
2760 756 2920 840 unius
2961 737 3066 830 diei
3107 753 3271 810 fuerit
3300 756 3410 836 vita
3439 752 3578 839 ejug.

1997 845 2129 921 Quis
2174 847 2315 901 cnim
2358 857 2440 902 est
2484 849 2574 918 qui
2607 841 2700 932 aut
2827 848 2994 932 iacto,
3035 857 3130 904 aut
3167 848 3221 904 in
3263 847 3448 914 verbo,
3488 845 3586 904 aut

1998 940 2087 1009 qui
2128 940 2476 997 cautissimus
2523 951 2670 996 certe
2717 953 2820 1011 est,
2876 941 2960 1018 vel
3005 939 3058 996 in
3101 942 3434 1014 cogitatione
3473 955 3584 998 non

1989 1034 2344 1118 peccaverit?
2382 1044 2437 1088 et
2480 1034 2600 1092 ideo
2636 1034 2770 1096 dixit
2809 1017 3067 1119 lpeccasse
3120 1036 3338 1114 quidem
3389 1033 3586 1104 merito

1998 1143 2188 1184 oumes
2216 1127 2485 1192 dicentur,
2527 1137 2839 1204 peccatores
2875 1136 3056 1186 autem
3094 1127 3220 1184 facti
3243 1142 3350 1184 non
3374 1141 3584 1190 omnes,

2000 1219 2092 1273 sed
2143 1219 2293 1273 nuilti
2347 1219 2573 1292 (Ambr.)
2617 1201 2856 1296 l‘riniutn
2907 1220 3049 1274 enim
3089 1219 3307 1274 Graecos
3350 1216 3590 1294 ostendit

2000 1329 2144 1377 reos,
2174 1314 2326 1383 iuxta
2359 1313 2528 1383 legem
2557 1322 2782 1376 naturae,
2819 1321 2873 1365 ct
2899 1311 3042 1380 quod
3072 1327 3245 1382 neque
3284 1311 3456 1382 legem
3492 1323 3590 1364 na-

2003 1414 2135 1460 turte
2164 1413 2218 1458 et
2249 1404 2390 1474 quod
2423 1420 2598 1473 neque
2622 1404 2790 1476 legem
2821 1403 2988 1474 Moysi
3023 1401 3356 1473 receperint;
3397 1416 3589 1473 quam-

2001 1498 2187 1552 obrem
2204 1497 2437 1566 pessima
2455 1512 2642 1551 eorum
2667 1507 2722 1552 et
2748 1495 3164 1574 pergravissima
3183 1510 3366 1550 causa.
3388 1493 3593 1548 Deinde

2002 1591 2167 1644 etiam
2197 1588 2409 1656 ludaros
2437 1590 2673 1644 ostendit
2697 1573 2848 1654 reos,
2873 1573 2967 1658 qui
3000 1589 3098 1644 sub
3128 1587 3246 1658 lege
3277 1586 3372 1641 Dei
3412 1586 3595 1641 vivere

2003 1682 2290 1746 videntur,
2319 1698 2382 1736 ac
2427 1682 2528 1737 sibi
2557 1682 2752 1738 merito
2789 1689 3006 1752 patrum
3049 1678 3392 1748 defenderint
3422 1677 3596 1750 digni-

2006 1781 2204 1835 tatem,
2237 1788 2300 1844 ex
2340 1789 2404 1828 eo
2441 1773 2706 1854 praecipue
2743 1772 2886 1844 quod
2922 1770 3338 1852 promissionem
3377 1776 3595 1840 patrum

311 1869 694 1937 promissione,
733 1877 985 1938 prompte
1023 1876 1309 1940 peccarent
1343 1847 1508 1922 :Icum
1537 1876 1749 1940 constet
1776 1874 1899 1936 post
1925 1838 1976 1929 θ
2005 1865 2328 1938 sprcvcrint,
2361 1865 2457 1920 Dci
2495 1847 2724 1934 gratiam
2771 1865 2826 1920 in
2851 1838 3074 1917 irritum
3123 1862 3469 1918 deducentes.
3509 1857 3594 1913 Ad

311 1968 590 2032 acceptam
633 1945 797 2030 ﬁdem
846 1959 1206 2028 periculosum
1246 1973 1365 2018 esse
1409 1971 1658 2030 peccare,
1706 1966 1760 2034 et
1797 1958 1901 2012 hoc

309 2050 526 2126 praedici
568 2050 934 2123 credentibus.
985 2049 1170 2122 (Attg.)
1220 2049 1418 2120 Utique
1464 2050 1634 2119 gratia
1669 2049 1741 2114 id,
1771 2064 1897 2120 quo,

310 2153 370 2218 ut
395 2146 507 2216 iam
539 2146 671 2220 ﬁant
713 2145 855 2218 bona
885 2145 952 2198 ab
980 2146 1059 2200 eis
1105 2146 1196 2216 qui
1244 2145 1478 2199 fecerant
1508 2145 1670 2207 mala,
1708 2161 1812 2198 non
1845 2151 1903 2216 ut

310 2248 658 2309 perseverent
694 2239 746 2292 in
775 2231 952 2300 malis,
995 2250 1048 2292 et
1078 2238 1225 2292 reddi
1260 2238 1361 2294 sibi
1389 2238 1702 2296 existiment
1732 2238 1896 2310 bona.

310 2331 426 2386 Non
454 2332 632 2400 itaque
658 2331 853 2386 debent
881 2330 1059 2384 dicere
1079 2349 1090 2382 :
1112 2328 1399 2400 Faciamus
1427 2329 1584 2390 mala,
1607 2330 1903 2402 utveniant

309 2423 479 2488 bona;
508 2423 602 2478 sed
635 2441 646 2475 :
677 2421 926 2492 Fecimus
951 2420 1114 2497 inala,
1142 2429 1197 2474 et
1218 2428 1478 2492 venerunt
1501 2419 1662 2492 bona,
1683 2419 1792 2490 iam
1819 2420 1900 2500 fai-

311 2517 520 2586 ciamus
569 2517 732 2588 bona,
776 2524 832 2586 ut
878 2515 931 2569 in
980 2514 1160 2585 futuro
1205 2514 1401 2568 saeculo
1442 2514 1768 2584 recipiamus
1801 2530 1902 2586 pro

309 2608 467 2664 bonis
515 2610 677 2676 bona,
727 2610 817 2680 qui
847 2609 904 2682 in
932 2608 1036 2682 hoc
1067 2607 1262 2680 sarculo
1293 2607 1587 2680 .rccipimus
1613 2623 1714 2678 pro
1729 2605 1903 2670 "malis

313 2699 472 2754 bona.
603 2689 608 2695 ’
861 2689 870 2696 ’
1885 2683 1892 2691 ’

386 2791 528 2866 Quid
573 2809 695 2863 ergo
737 2791 1088 2864 prtrceliimus
1125 2794 1250 2850 eos?
1283 2791 1652 2865 Nequaquam.
1681 2792 1900 2876 Canenti

311 2886 450 2949 enim
494 2901 675 2942 sumus
725 2883 942 2952 Iudico;
979 2896 1026 2954 et
1068 2883 1281 2950 Crtecos
1333 2904 1510 2952 omnes
1547 2886 1641 2952 sub
1689 2896 1901 2956 peccato

311 2993 440 3032 esse.
460 2978 697 3048 (Arnim)
721 2977 837 3042 Hoc
864 2988 966 3042 est,
995 2979 1122 3048 quid
1156 2979 1330 3042 adhuc
1361 2980 1716 3042 itnmoramur
1737 2979 1902 3042 latius

310 3065 619 3136 loquentes?
646 3066 996 3135 Ostendimus
1034 3053 1178 3124 enim
1211 3069 1436 3134 redditis
1463 3069 1644 3126 causis
1671 3077 1780 3124 tam
1806 3066 1902 3150 ξιι-

312 3160 455 3216 dacos
508 3175 672 3230 quam
718 3160 958 3226 Graecos.
1005 3161 1059 3226 id
1108 3169 1191 3218 est
1225 3161 1489 3231 gentiles,
1536 3176 1724 3216 omnes
1776 3176 1899 3222 reos

311 3269 430 3310 esse
462 3271 474 3308 :
506 3253 735 3323 ideoque
781 3255 981 3317 frustra
1026 3254 1196 3326 legem
1244 3269 1482 3310 servare.
1533 3252 1735 3323 (Greg.)
1763 3253 1897 3316 Cum

310 3343 511 3412 Paulus
563 3344 841 3416 apostolus
891 3347 956 3409 ad
1008 3345 1283 3408 Romanos
1331 3346 1539 3406 scribat
1582 3343 1802 3404 Juda‘os
1847 3352 1902 3404 et

312 3433 532 3492 Graecos
556 3451 747 3496 (mines
773 3438 870 3496 sub
901 3445 1124 3505 peccato
1156 3451 1297 3502 esse,
1349 3435 1620 3505 quomodo
1665 3437 1808 3490 idem
1849 3435 1903 3492 in

313 3529 764 3597 subsequentibus
803 3544 910 3588 non
953 3531 1280 3598 omnes,sed
1317 3532 1536 3593 multos,
1568 3533 1679 3598 per
1721 3530 1907 3586 inobe-

314 3620 575 3676 dicntiam
603 3621 763 3677 unius
790 3621 1028 3676 hominis
1065 3630 1380 3690 peceatores
1410 3603 1689 3684 constitui,
1721 3619 1908 3676 deﬁnit

311 3711 540 3769 dicens:
576 3711 724 3768 Sicut
764 3730 856 3784 per
886 3713 1292 3772 inobedientiam
1344 3714 1500 3768 unius
1531 3712 1756 3776 [taminia
1787 3728 1907 3778 pec-

315 3812 517 3858 catore:
558 3803 826 3872 constituti
864 3814 1007 3868 sunt,
1045 3804 1118 3860 ita
1162 3814 1209 3866 et
1245 3821 1336 3872 per
1361 3804 1517 3872 unius
1562 3802 1908 3872 obedientiam

314 3879 445 3965 iusti
485 3896 869 3958 constituentur
903 3895 1054 3952 multi
1087 3894 1264 3973 (Rom.
1297 3895 1389 3966 v)?
1418 3895 1744 3956 Peccatorcs
1769 3907 1907 3962 quo—

316 3987 480 4044 modo
527 3987 681 4042 multi
709 3995 766 4041 et
813 4003 920 4046 non
977 4002 1168 4049 omnes
1233 3987 1542 4052 videantur,
1601 4002 1723 4042 cum
1767 3985 1908 4040 idem

318 4081 594 4150 apostolus
628 4081 760 4136 dicit
789 4099 802 4137 :
834 4081 970 4149 Quia
997 4097 1188 4142 omnes
1230 4090 1613 4154 peccaverunt,
1647 4080 1912 4144 debemus

319 4173 606 4227 ostendere
662 4173 806 4248 aliud
856 4189 1148 4244 peccasse,
1197 4175 1341 4236 aliud
1386 4180 1728 4245 peccatorem
1767 4191 1906 4234 esse.

317 4263 584 4322 Peecator
631 4266 828 4322 dicitur
859 4267 930 4332 is,
959 4267 1052 4338 qui
1084 4267 1253 4324 multa
1289 4267 1648 4338 delinquendo
1691 4268 1745 4324 in
1775 4285 1908 4326 con—

320 4357 660 4413 suetudinem
681 4366 756 4424 et,
777 4366 835 4414 ut
850 4358 921 4416 ita
945 4359 1144 4423 dicam,
1162 4360 1396 4414 studium
1412 4361 1671 4432 peccandi
1686 4358 1799 4427 iam
1821 4375 1911 4417 ve-

322 4449 435 4515 nit;
461 4450 601 4505 sicut
635 4467 665 4506 e
702 4453 976 4507 contrario
995 4451 1178 4521 iustus
1204 4470 1308 4508 non
1327 4455 1525 4510 dicitur
1557 4455 1604 4509 is
1637 4456 1727 4525 qui
1745 4455 1910 4528 semel

1925 3204 1974 3286 Ω

2005 1972 2166 2026 quam
2201 1972 2315 2010 rem
2341 1956 2660 2024 ﬁrmandam
2706 1956 3013 2024 exemplum
3061 1953 3438 2026 propheticum
3469 1950 3596 2006 sub-

1997 2037 2141 2118 didit
2171 2064 2236 2105 ex
2263 2049 2469 2120 psalmo
2503 2037 2662 2104 tertio
2689 2048 2901 2103 decimo
2932 2049 3119 2103 dicens
3149 2065 3162 2100 :

2075 2142 2223 2204 Sicut
2253 2145 2503 2213 scriptum
2529 2154 2600 2196 est
2635 2139 2810 2212 (Psal.
2847 2142 2994 2212 xm),
3029 2142 3153 2214 quia
3182 2156 3287 2193 non
3316 2147 3390 2194 est
3410 2138 3594 2212 justus

2002 2235 2301 2310 quisquam.
2352 2233 2433 2288 Ab
2494 2233 2758 2303 iniustitia
2803 2232 2968 2302 coepit
3015 2231 3156 2286 mala
3195 2244 3359 2300 opera
3402 2244 3594 2284 eorum

1999 2344 2345 2406 enumerare,
2377 2338 2429 2382 et
2455 2328 2652 2397 partim
2679 2327 2863 2400 pejora
2885 2316 3171 2398 subiicere,
3200 2333 3260 2376 ut
3283 2319 3596 2376 manifesta-

2003 2429 2089 2490 t'et
2127 2420 2180 2474 in
2215 2420 2299 2476 his
2337 2421 2537 2474 nullam
2571 2437 2720 2492 spem
2752 2419 2946 2483 videri,
2979 2418 3084 2472 nisi
3117 2416 3403 2487 implorent
3435 2415 3598 2471 mise-

2001 2513 2294 2592 ricordiam
2321 2514 2545 2575 Christi,
2571 2514 2662 2585 qui
2690 2522 2906 2584 peccata
2931 2511 3187 2566 dimittat.
3217 2508 3419 2564 Deinde
3451 2507 3598 2578 adie-
3673 2508 3696 2520 ‘

2001 2611 2078 2685 cit
2108 2628 2120 2664 :
2156 2609 2278 2665 Non
2316 2620 2391 2666 est
2421 2610 2738 2689 intelligens.
2789 2609 2989 2674 Verum
3045 2616 3129 2666 est
3173 2608 3301 2678 quia
3352 2606 3397 2661 si
3442 2605 3597 2660 daret

1999 2701 2224 2780 operam
2259 2701 2580 2781 intelligere,
2614 2700 2844 2778 iniustus
2878 2715 2984 2758 non
3015 2710 3180 2756 esset.

2077 2794 2199 2858 Non
2225 2805 2300 2870 est
2331 2797 2596 2868 requirens
2629 2783 2932 2870 Dominum.
2981 2793 3091 2850 Nec
3133 2794 3277 2850 istud
3320 2801 3596 2860 occuttum

2004 2894 2118 2950 est,
2172 2867 2297 2956 quia
2352 2867 2407 2940 si]
2449 2867 2775 2958 intelligeret
2801 2867 2933 2956 quid
2986 2886 3288 2956 prodesset,
3322 2894 3596 2958 quaereret

2003 2976 2172 3045 Deum
2208 2997 2220 3031 :
2247 2985 2302 3032 et
2330 2994 2437 3034 non
2464 2978 2604 3034 sicut
2630 2979 2813 3049 Asaph
2844 2994 2945 3034 rex
2969 2977 3128 3044 Juda,
3159 2979 3248 3048 qui
3283 2987 3403 3048 post
3428 2977 3596 3032 multa

2002 3065 2098 3138 _Dei
2148 3068 2416 3127 beneﬁcia
2469 3070 2549 3124 sic
2597 3055 2925 3139 depravatus
2956 3078 3058 3134 est,
3113 3077 3174 3140 qut
3224 3068 3598 3146 inﬁrmitatem

2002 3159 2199 3229 pedum
2251 3147 2476 3232 passus,
2532 3161 2794 3232 propheta
2841 3169 3135 3234 praesente,
3191 3175 3301 3236 non
3328 3165 3600 3240 quaereret

2009 3250 2177 3306 Deum
2209 3251 2330 3323 (III
2361 3252 2487 3322 Reg.
2520 3247 2632 3322 itv).

2080 3342 2274 3410 Omnes
2325 3343 2714 3408 declinaverunt
2767 3343 2957 3416 simul,
3011 3341 3223 3410 inutile;
3271 3343 3403 3414 [acti
3451 3351 3594 3416 sunt.

2009 3432 2205 3510 (Orig)
2253 3433 2403 3504 Quod
2435 3443 2614 3504 autem
2659 3436 2808 3500 dicit,
2867 3436 2998 3491 mihi
3051 3436 3263 3493 videtur
3305 3437 3446 3508 quod
3489 3453 3598 3498 non

2009 3526 2205 3582 dicitur.
2229 3527 2553 3608 qeclinasse,
2578 3511 2693 3582 'nisi
2732 3527 2777 3588 is
2815 3529 2906 3608 qui
2933 3529 3224 3600 aliquando
3249 3531 3305 3586 in
3333 3532 3422 3592 via
3444 3539 3594 3592 recta

2011 3619 2179 3674 stetit.
2228 3617 2380 3686 Unde
2422 3633 2640 3692 apparet
2675 3619 2909 3700 primum
2933 3620 3067 3700 illud
3098 3630 3308 3681 natura:
3352 3622 3596 3686 rationa-

2011 3711 2136 3766 bilis
2163 3726 2318 3780 opus,
2356 3713 2497 3791 quod
2526 3727 2555 3764 a
2587 3712 2698 3767 Deo
2722 3711 2920 3794 factum
2952 3721 3057 3777 est,
3091 3710 3258 3788 fuisse
3285 3722 3516 3782 rectum,
3545 3721 3601 3768 et

2011 3805 2065 3864 in
2121 3805 2204 3859 via
2253 3812 2399 3880 recta
2449 3802 2725 3870 Creatoris
2765 3805 2939 3882 ipsius
2967 3821 3197 3882 munere
3247 3805 3593 3884 collocatum.

2009 3896 2120 3964 Sed
2175 3896 2299 3970 quia
2343 3897 2411 3956 ab
2457 3898 2561 3952 hac
2603 3899 2672 3952 ad
2719 3898 2912 3982 lmvum
2952 3899 3162 3980 peccati
3210 3898 3314 3962 iter
3348 3898 3594 3978 detorsit,

2008 3987 2206 4060 merito
2249 4002 2392 4068 nunc
2439 3987 2638 4044 dicitur
2671 3987 2992 4054 declinasse,
3039 3989 3181 4064 sicut
3227 3987 3475 4070 exemplo
3517 3996 3599 4044 est

2000 4079 2218 4160 primus
2247 4080 2412 4157 homo
2440 4078 2633 4152 Adam,
2663 4079 2754 4156 qui
2783 4080 2848 4134 de
2879 4081 3113 4158 paradisi
3147 4081 3233 4140 via
3262 4089 3410 4144 recta
3436 4082 3602 4138 male-

2011 4172 2167 4242 suadi
2255 4171 2446 4249 fraude
2515 4173 2784 4248 serpentis
2859 4174 2928 4250 ad
2983 4189 3180 4252 pravas
3227 4184 3283 4230 et
3327 4183 3599 4252 tortuosas

2012 4263 2264 4332 mortalis
2311 4263 2434 4338 vita:
2481 4265 2706 4332 semitas
2751 4251 3059 4340 declinavit.
3107 4267 3336 4345 (Αῃξὸτ.)
3387 4267 3598 4342 Nemini

2014 4357 2234 4426 dubium
2256 4357 2386 4428 quin
2411 4373 2602 4432 omnes
2628 4374 2733 4430 non
2760 4370 3066 4442 quiereptes
3105 4359 3296 4426 Deum,
3339 4362 3600 4418 inclinen-

2014 4458 2124 4520 tur,
2153 4459 2210 4520 ut
2233 4451 2493 4520 auxilium
2520 4453 2799 4521 requirant
2823 4469 2852 4508 a
2876 4454 3115 4524 vanitate
3142 4472 3156 4509 :
3181 4455 3394 4530 vanitas
3414 4465 3598 4522 autem

323 4551 418 4596 aut
447 4541 529 4596 bis
559 4543 760 4611 aliquid
797 4543 1021 4612 iustitiae
1065 4543 1279 4616 fecerit,
1322 4546 1418 4602 sed
1452 4546 1542 4603 ille
1577 4548 1668 4616 qui
1695 4563 1911 4618 semper
1934 4575 1990 4646 Ι)
2015 4552 2097 4598 est
2124 4544 2346 4609 idolum,
2391 4544 2510 4598 ideo
2552 4544 2771 4600 inutiles
2813 4545 2966 4618 ﬁunt.
2996 4546 3135 4620 istos
3169 4562 3358 4620 omnes
3387 4555 3443 4616 et
3469 4561 3599 4618 pro-

316 4628 464 4698 iuste
494 4633 722 4702 agendo,
779 4649 875 4688 usu
916 4642 972 4689 et
1010 4637 1402 4708 consuetudine
1424 4635 1692 4706 justitiam
1723 4638 1906 4700 liabet-

325 4722 461 4776 Nam
492 4723 537 4777 si
569 4723 689 4792 quis
719 4723 774 4778 in
803 4725 1012 4780 cteteris
1053 4724 1166 4782 fere
1209 4726 1518 4782 hominibus
1557 4727 1791 4797 iniustus
1817 4729 1906 4794 sit.
1951 4723 1962 4736 ’

325 4813 495 4868 semel
523 4822 704 4886 autem
731 4815 814 4868 Vel
839 4816 926 4872 bis
947 4816 1149 4886 aliquid
1173 4817 1306 4888 iusti
1330 4820 1508 4888 operis
1537 4821 1695 4890 gerit,
1730 4821 1828 4897 istc
1857 4821 1908 4882 in

325 4921 392 4961 eo
422 4906 639 4976 quidem
662 4922 825 4976 opere
847 4909 900 4964 in
927 4926 1034 4980 quo
1057 4909 1322 4979 justitiam
1353 4915 1542 4978 tenuit,
1570 4911 1716 4981 iuste
1738 4915 1913 4984 egisse

326 5000 622 5064 diceretur,
656 5015 763 5056 non
787 5008 966 5057 tamen
998 5019 1060 5058 ex
1094 5000 1389 5071 hocjustus
1415 5005 1806 5075 appellabitur;
1840 5007 1914 5061 ita

325 5093 383 5151 et
421 5095 600 5164 iustus
643 5111 899 5166 peccasse
935 5099 1154 5168 quidem
1186 5099 1406 5165 dicitur,
1453 5099 1496 5154 si
1527 5099 1728 5169 aliquid
1761 5115 1910 5155 com-

325 5192 536 5246 miserit
580 5191 870 5261 aliquando
914 5197 1056 5263 quod
1088 5209 1194 5249 non
1242 5194 1402 5258 licet;
1458 5212 1563 5249 non
1617 5203 1796 5248 tamen
1849 5209 1916 5249 ex

329 5281 433 5337 hoc
474 5293 730 5350 peccator
771 5284 1151 5356 appellabitur,
1198 5287 1291 5356 qui
1341 5288 1600 5356 peccandi
1650 5303 1808 5342 usum
1861 5295 1915 5342 et

329 5377 778 5434 consuetudinem
808 5395 916 5434 non
950 5389 1116 5436 tenet.
1154 5379 1308 5438 Sicut
1335 5390 1391 5436 et
1419 5381 1663 5436 medicus
1697 5396 1800 5436 non
1825 5379 1917 5435 ille

332 5463 552 5532 dicitur,
597 5468 689 5536 qui
716 5477 771 5523 et
792 5469 986 5527 leviter
1035 5481 1206 5544 rupta:
1235 5473 1430 5543 capitis
1460 5474 1568 5527 cuti
1608 5473 1711 5528 scit
1745 5473 1920 5542 impo-

331 5572 462 5612 nere
489 5553 778 5625 ‘araneam,
814 5572 907 5615 aut
945 5565 1037 5633 qui
1080 5563 1348 5620 tumorem
1378 5567 1621 5622 vulneris
1656 5581 1796 5636 aqua
1827 5582 1920 5622 ca-

333 5646 441 5704 lida
481 5646 682 5714 fovere,
726 5653 976 5721 quamvis
1019 5655 1182 5709 etiam
1215 5657 1320 5712 hoc
1350 5658 1634 5718 medicina:
1673 5673 1793 5727 esse
1837 5660 1919 5713 vi—

332 5737 563 5809 deatur;
621 5743 716 5800 sed
748 5742 837 5798 ille
881 5745 1084 5800 dicitur
1126 5749 1391 5815 medicus,
1441 5751 1536 5821 qui
1581 5767 1762 5816 usum,
1809 5760 1923 5806 stu-

2011 4636 2175 4707 piicta
2198 4635 2464 4706 Jeremias
2493 4636 2761 4707 signiﬁcat
2791 4637 2977 4704 dicens
3006 4638 3148 4709 inter
3176 4647 3406 4694 caetera:
3447 4637 3598 4700 Tunc

2014 4745 2202 4796 omnes
2235 4730 2642 4794 insurrexerunt
2675 4730 2728 4784 in
2754 4732 3072 4800 prophetam
3098 4730 3328 4802 Domini,
3359 4730 3603 4798 volentes

2015 4822 2262 4888 occidere
2284 4838 2436 4886 eum;
2467 4831 2521 4884 et
2543 4824 2816 4892 sequitur:
2852 4822 3033 4878 Omnis
3059 4833 3233 4884 autem
3254 4824 3474 4895 populus
3498 4841 3604 4880 non

2016 4914 2246 4984 permisit
2276 4914 2394 4980 illa:
2437 4915 2572 4986 (Jer.
2605 4916 2774 4986 XXVI).
2808 4914 2950 4985 Ergo
2975 4932 3164 4972 omnes
3186 4916 3336 4980 dicit,
3369 4917 3462 4976 sed
3489 4931 3605 4972 ma-

2018 5003 2138 5064 los:
2172 5012 2227 5060 et
2257 5020 2471 5076 omnes,
2519 5006 2615 5061 sed
2652 5007 2852 5072 bonos;
2897 5021 3068 5076 neque
3106 5007 3273 5073 enim,
3311 5008 3438 5078 quia
3475 5009 3606 5066 dicit

2018 5112 2194 5152 omnes
2245 5096 2655 5160 declinaverunt,
2711 5105 2876 5152 totam
2904 5097 3118 5167 penitus
3145 5097 3358 5168 plebem
3392 5097 3602 5169 signiti-

2019 5195 2128 5252 cat,
2175 5187 2271 5242 sed
2317 5187 2456 5250 hanc
2508 5195 2717 5257 partem
2771 5187 2944 5256 plebis
2989 5169 3133 5241 sicut
3168 5195 3224 5241 et
3269 5197 3602 5260 memoratus

2012 5283 2282 5354 propheta
2310 5280 2498 5346 refert,
2525 5283 2576 5338 in
2613 5297 2718 5354 qua
2745 5297 2936 5340 omnes
2961 5281 3087 5336 mali
3114 5297 3172 5340 se
3193 5281 3552 5346 condiderunt
3587 5297 3604 5336 :

2019 5389 2235 5444 semper
2260 5374 2406 5432 enim
2437 5374 2544 5430 duo
2572 5373 2753 5443 populi
2796 5382 2921 5430 sunt
2955 5374 3008 5439 in
3038 5389 3141 5428 una
3175 5373 3348 5443 plebe.
3392 5372 3490 5440 Hic
3520 5381 3605 5428 est

2010 5483 2153 5538 ergo
2178 5468 2423 5540 populus,
2458 5481 2620 5535 quem
2667 5466 2914 5536 increpat
2962 5465 3239 5534 Dominus,
3264 5465 3362 5534 sub
3388 5465 3607 5534 nomine

2017 5559 2321 5624 Jerusalem
2364 5560 2548 5618 dicens
2577 5577 2588 5612 :
2618 5557 2937 5622 Jerusalem,
2977 5557 3296 5624 Jerusalem,
3327 5574 3444 5628 qua:
3471 5558 3608 5614 occi-

2026 5653 2108 5708 dis
2129 5652 2408 5723 prophetas
2439 5651 2652 5722 (Matth.
2684 5651 2840 5722 um)
2865 5668 2879 5717 ;
2909 5658 2966 5706 et
2985 5649 3092 5710 alio
3112 5650 3232 5706 loco
3257 5669 3270 5704 :
3297 5648 3606 5712 Generatio,

2015 5748 2122 5812 .ait,
2145 5746 2286 5801 mata
2309 5755 2358 5800 et
2384 5745 2625 5800 adultera
2651 5744 2865 5815 (Matth.
2882 5744 3006 5813 xu),
3021 5752 3076 5802 et
3102 5744 3252 5800 natio
3274 5742 3604 5810 viperarum.

333 5832 487 5912 (ιιαω
511 5832 566 5902 et
593 5833 935 5926 disciplinam
968 5838 1132 5902 habet
1171 5843 1444 5907 medendi.
1470 5843 1548 5908 Ex
1578 5845 1776 5928 quibus
1803 5860 1924 5908 om-
2025 5840 2102 5906 De
2140 5838 2448 5916 huiusmodi
2489 5838 2736 5915 queritur
2761 5845 2819 5898 et
2854 5835 2970 5910 iam
2994 5837 3258 5914 propheta
3298 5833 3488 5904 lsaias,
3528 5830 3610 5902 dis
