4056 6336
551 372 688 429 1555

1177 377 1240 432 Β.
1278 375 1532 433 RABANI
1569 376 1790 435 MAURI
1828 375 2148 435 ARCHIEP.
2186 376 2494 440 MOGUNT.
2535 383 2819 446 OPERUM
2854 389 3048 456 PARS.
3072 390 3159 450 Ill.

3652 349 3815 474 me

550 505 681 547 cens
720 508 732 542 :
771 489 861 544 Va:
881 494 1020 561 genti
1036 492 1312 561 peccatrici
1329 532 1344 557 ,
1367 492 1552 548 semini
1568 492 1790 561 pessimo
1811 489 2016 562 [semini
2033 506 2120 544 ηε-
2145 490 2200 552 Α
2222 499 2278 547 et
2307 495 2604 562 inturbata;
2630 501 2806 556 omnis
2832 502 2978 558 cuitu
3004 503 3279 580 bonavvita
3305 506 3591 578 tranqudla
3624 519 3815 580 estet

547 579 730 654 quam]
765 580 898 652 (lsa.
922 581 985 650 ι).
1014 581 1119 637 Per
1153 581 1353 636 malam
1400 583 1544 637 enim
1591 582 1964 646 voluntatem,
1993 582 2120 636 dum

547 673 754 729 fructus
783 674 950 729 malos
972 674 1198 739 faciunt,
1227 690 1408 730 semen
1433 675 1726 744 pessimum
1747 683 1892 738 sunt,
1917 682 1972 729 et
1993 674 2122 744 quia

546 767 592 822 si
621 767 888 821 vonuerint
911 774 1136 836 possunt
1161 767 1423 831 converti,
1453 782 1553 820 vox
1577 769 1770 834 probat
1795 764 2038 836 Apostoli
2063 765 2120 820 in

545 857 653 912 alia
680 857 916 927 Epistola
944 857 1172 912 dicentis
1200 875 1213 911 :
1239 857 1468 912 Eramus
1506 867 1554 911 et
1594 874 1688 911 nos
1709 856 1994 927 aliquando
2018 873 2116 912 na-

544 958 664 1001 tura
691 949 788 1016 ﬁlii
813 949 908 1002 ira:
931 949 1139 1020 sicut‘et
1167 949 1342 1002 caeteri
1367 947 1583 1020 (Ephes.
1618 948 1699 1020 ιι).

620 1036 742 1091 Non
769 1048 845 1091 est
866 1040 954 1109 qui
983 1039 1145 1107 faciat
1171 1038 1386 1104 bonum,
1418 1056 1522 1094 non
1544 1050 1620 1094 est
1643 1057 1807 1112 usque
1829 1057 1896 1096 aa
1929 1057 2111 1096 unum.

543 1127 898 1199 (Amb.)Qnia
926 1129 1166 1198 neglecto
1192 1130 1303 1184 Deo
1331 1130 1550 1186 inutiles
1580 1130 1710 1186 facti
1735 1138 1880 1195 sunt,
1913 1132 2114 1187 bonum

540 1221 726 1289 utique
761 1221 938 1278 facere
964 1238 1069 1277 non
1093 1230 1345 1294 possunt;
1368 1221 1479 1293 iam
1501 1224 1644 1278 enim
1691 1223 1970 1294 depravati
1991 1238 2114 1283 Dro-

513 1305 516 1308 ’
539 1308 728 1366 ﬂciunt
752 1313 803 1366 in
831 1313 1002 1392 pejus.

513 1397 519 1406 ’
609 1405 917 1476 Sepulcrum
958 1419 1138 1479 patens
1183 1418 1258 1464 est
1302 1419 1484 1480 guttur
1525 1425 1724 1463 eorum.
1781 1407 1900 1462 lam
1952 1406 2110 1462 malis

535 1499 825 1567 mancipati
855 1502 1044 1566 bonos,
1061 1501 1107 1555 si
1128 1508 1310 1571 posset
1330 1501 1466 1564 fieri,
1487 1501 1747 1556 devorare
1769 1498 2110 1562 volebant,nt

534 1591 674 1645 sicut
700 1593 1005 1663 sepulcrum
1039 1601 1189 1663 patet
1213 1593 1280 1647 ad
1310 1592 1613 1662 recipienda
1639 1592 1922 1654 cadavera,
1953 1590 2024 1644 ita
2053 1596 2109 1644 et

503 1675 506 1678 ’
541 1687 802 1740 adversus
843 1686 1012 1740 bonos
1051 1694 1236 1756 guttur
1273 1700 1479 1740 eorum.
1519 1683 1714 1755 (Orig.)
1765 1682 1990 1737 Videtur
2011 1697 2106 1735 au-

531 1787 638 1833 tem
663 1778 859 1833 Paulus
881 1780 982 1834 hoc
1007 1779 1060 1834 in
1088 1778 1208 1833 loco
1235 1779 1410 1848 majus
1431 1777 1631 1847 aliquid
1662 1777 1714 1831 in
1740 1776 1880 1840 istis,
1905 1776 1970 1829 de
1992 1775 2104 1843 qui-

2221 593 2373 641 actns
2395 590 2619 644 modesti
2649 591 2737 646 isti
2767 601 2893 647 sunt
2928 592 3158 664 pacifici,
3196 603 3250 650 et
3275 611 3373 666 per
3408 598 3540 654 istos
3579 599 3696 655 itur
3733 605 3813 658 ad

2222 674 2408 730 Deum.
2455 678 2678 749 llliergo
2719 681 2835 754 bene
2874 683 3115 742 nolentes
3157 685 3320 750 scire,
3346 686 3808 758 elegeruntviam

2221 771 2642 838 tribulationum,
2674 789 2770 844 per
2801 791 2961 844 quam
2987 777 3094 831 itur
3126 777 3192 832 ad
3224 767 3541 848 gehennam.
3587 780 3806 854 (0rig.)

2217 863 2321 930 Qui
2364 865 2602 934 quolibet
2631 867 2886 922 scandalo
2912 868 3144 922 animam
3175 883 3205 922 a
3233 867 3345 924 Deo
3369 880 3644 939 separant,
3686 873 3808 928 vin’

2217 957 2538 1027 sanguiuum
2585 960 2931 1014 nominantur
2956 976 2970 1025 ;
3014 961 3154 1015 sicut
3181 961 3326 1017 enim
3353 962 3622 1017 homicida
3651 963 3809 1019 dici—

2217 1055 2305 1102 tur
2333 1049 2422 1104 ille
2457 1050 2548 1120 qui
2587 1066 2782 1120 corpus
2823 1053 2890 1106 ab
2931 1053 3107 1106 anima
3135 1065 3370 1124 separat,
3403 1071 3508 1124 qua
3536 1057 3803 1113 vivifica-

2215 1146 2322 1206 tur,
2355 1140 2428 1194 ita
2452 1150 2508 1195 et
2533 1143 2702 1198 multo
2726 1143 2889 1198 etiam
2919 1144 3098 1200 verius
3120 1145 3206 1200 ille
3229 1146 3498 1201 homicida
3528 1149 3807 1206 dicendus

2213 1240 2314 1296 est,
2357 1231 2448 1300 qui
2485 1233 2718 1288 animam
2745 1250 2773 1288 a
2799 1250 2924 1290 vera
2965 1237 3075 1290 vita
3102 1247 3334 1306 separat,
3367 1253 3486 1307 quae
3507 1248 3589 1295 est
3619 1239 3802 1297 Deus.

2211 1316 2380 1375 Pedes
2425 1330 2604 1377 autem
2651 1324 2754 1378 hoc
2795 1325 2847 1380 in
2885 1325 3004 1381 loco
3038 1327 3158 1382 illos
3190 1327 3448 1398 intellige,
3484 1329 3550 1384 de
3586 1331 3806 1400 quibus

2211 1409 2342 1464 dicit
2387 1411 2694 1482 Propheta:
2728 1414 2834 1471 Mei
2881 1425 3056 1470 autem
3100 1405 3230 1487 pene
3281 1419 3404 1471 moti
3457 1428 3578 1473 sunt
3629 1421 3802 1489 pedes

2210 1499 2383 1568 (Psal.
2418 1504 2627 1576 uxr"),
2670 1507 2772 1561 hoc
2814 1515 2898 1562 est
2942 1508 3223 1570 consilium
3272 1525 3378 1579 quo
3419 1497 3650 1582 agimus~
3680 1513 3804 1568 iter

2205 1593 2351 1648 vitae.
2377 1592 2656 1661 Contritio,
2681 1596 2874 1666 inquit,
2903 1609 2950 1651 et
2975 1598 3254 1666 infelicitas
3283 1602 3336 1654 in
3366 1603 3458 1656 viis
3495 1620 3696 1670 eorum,
3735 1617 3798 1670 et

2205 1685 2344 1739 viam
2386 1687 2529 1754 pacis
2572 1703 2674 1740 non
2712 1700 3077 1758 cognoverunt.
3106 1689 3259 1745 Unde
3285 1691 3413 1745 dicit
3444 1691 3496 1745 in
3526 1695 3792 1763 psalmis:

2205 1772 2312 1828 Cor
2341 1777 2620 1830 contritum
2642 1787 2687 1831 et
2715 1778 3049 1832 humiliatum
3077 1778 3215 1834 Deus
3248 1797 3351 1833 non
3381 1781 3574 1849 spernit
3601 1781 3790 1849 (Psal.

527 1870 628 1923 bus
650 1885 829 1923 sermo
842 1879 944 1934 est,
971 1869 1256 1923 ostendere
1269 1868 1533 1932 criminis,
1552 1883 1674 1922 cum
1687 1881 1782 1922 eos
1797 1861 2104 1936 sepulcrum
2126 1843 2179 1906 ³
2204 1865 2289 1938 1.);
2324 1867 2417 1922 sed
2445 1868 2588 1923 illam
2613 1869 2747 1924 dicit
2781 1871 3181 1938 contritionem,
3224 1887 3327 1940 qua
3354 1880 3668 1944 peccatores
3700 1873 3795 1929 di-

528 1978 635 2017 non
674 1970 874 2016 tectum
906 1975 1080 2030 neque
1110 1968 1452 2029 coopertum,
1494 1961 1588 2016 sed
1627 1969 1808 2029 patens
1836 1958 2096 2028 appellat;

526 2054 706 2109 clausa
727 2055 870 2109 enim
893 2055 1138 2124 sepulcra
1151 2053 1422 2120 dicuntur,
1438 2069 1572 2124 quos
1590 2054 1974 2123 aliquantulum
1996 2069 2099 2124 pu-

525 2147 623 2202 dor
642 2147 856 2202 cohibet
875 2147 1050 2217 palam
1071 2147 1404 2218 delinquere,
1418 2148 1727 2234 etyroferre
1742 2148 1809 2202 ad
1828 2148 2098 2218 publicum

522 2240 748 2293 erimina
799 2254 893 2294 sua
939 2257 953 2292 :
997 2248 1187 2310 patens
1231 2254 1361 2295 vero
1407 2239 1712 2310 sepulcrum
1757 2239 2012 2295 dicuntur
2042 2240 2098 2295 hi

521 2333 613 2401 qui
657 2332 1024 2388 immunditias
1065 2348 1192 2388 snas
1244 2341 1298 2387 et
1341 2333 1680 2404 impuritates
1717 2333 1773 2387 in
1815 2332 2096 2404 propatulo

520 2424 750 2489 habent;
776 2423 972 2493 quibus
997 2424 1286 2479 assiduitas
1307 2432 1362 2479 et
1386 2439 1516 2480 usus
1541 2424 1824 2489 scelerum,
1848 2423 1991 2493 quod
2013 2431 2097 2478 est

519 2515 573 2570 in
600 2515 755 2570 malis
781 2515 1045 2579 ultimum,
1081 2517 1244 2571 etiam
1275 2517 1686 2572 commissorum
1712 2515 2092 2570 verecundiam

517 2609 763 2675 sustulit,
810 2618 868 2662 ut
897 2609 1011 2680 iam
1051 2625 1157 2664 non
1205 2610 1450 2679 aperiant
1467 2625 1529 2665 os
1553 2625 1709 2664 suum
1739 2617 1793 2664 et
1815 2607 2092 2678 proferant

515 2703 738 2757 verbum
784 2703 900 2767 Dei,
947 2705 1168 2758 verbum
1215 2705 1417 2768 vivum,
1466 2705 1562 2760 sed
1614 2704 1859 2774 aperiant
1907 2712 2092 2774 guttur

514 2810 720 2857 eorum,
752 2804 807 2850 et
836 2793 1114 2864 proferant
1143 2797 1366 2852 verbum
1396 2805 1688 2863 mortuum,
1720 2796 1945 2851 verbum
1975 2794 2090 2850 dia-

512 2887 639 2948 boli.
669 2904 770 2942 non
795 2889 861 2943 de
893 2889 1074 2951 corde.
1107 2889 1201 2943 sed
1227 2889 1291 2943 de
1321 2889 1586 2960 sepulcro.

582 2981 796 3050 Linguis
829 2982 939 3036 suis
967 2981 1143 3036 dolose
1164 2982 1403 3052 agebant.
1444 2981 1678 3054 (Ambr.)
1707 2981 1809 3048 Qui
1831 2989 1939 3036 tam
1966 2995 2086 3035 ma-

511 3071 576 3125 lis
610 3073 861 3140 operibus
891 3074 1274 3138 adsueverant,
1299 3091 1416 3144 qute
1441 3075 1819 3144 loquebantur,
1853 3075 1905 3128 in
1935 3058 2086 3127 falls?

509 3162 592 3214 cia
623 3169 796 3214 erant.
826 3161 1020 3232 (0rig.)
1044 3164 1207 3218 Dolus
1234 3172 1314 3218 est
1334 3179 1454 3220 cum
1484 3163 1626 3218 aliud
1650 3164 1770 3232 quis
1793 3163 1973 3232 lingua
1999 3163 2081 3216 lo-
2111 3199 2158 3263 C

508 3251 716 3321 quitur,
739 3261 795 3306 et
823 3251 964 3305 aliud
993 3253 1199 3307 volutat
1221 3255 1274 3308 in
1299 3253 1460 3309 corde
1497 3268 1513 3306 :
1553 3254 1697 3323 quod
1730 3253 1934 3307 crimen
1962 3267 2088 3307 nes-

508 3343 594 3396 cio
642 3343 697 3423 si‘
735 3343 820 3398 vel
851 3344 1027 3413 iustos
1069 3359 1310 3418 quosque
1345 3354 1398 3399 et
1445 3345 1648 3399 electos
1685 3343 1952 3413 relinquat
1992 3343 2086 3398 im-

508 3448 720 3488 munes.
745 3433 850 3488 Sed
881 3443 1006 3503 puto
1033 3435 1176 3504 quod
1205 3435 1341 3490 alius
1368 3435 1510 3505 plus,
1539 3435 1676 3490 alius
1703 3434 1900 3496 minus,
1927 3449 2085 3489 nemo

509 3535 687 3580 tamen
719 3527 791 3580 sit
817 3527 885 3580 ab
913 3527 1016 3582 hoc
1045 3527 1113 3581 ad
1137 3526 1438 3597 perfectum
1473 3543 1662 3598 purus,
1692 3525 1796 3580 nisi
1823 3525 1911 3580 ille
1936 3524 2085 3582 solus
2127 3569 2133 3576 .

507 3621 573 3675 de
594 3635 700 3689 quo
719 3620 978 3690 scriptum
999 3629 1115 3676 est;
1135 3619 1239 3686 Qui
1266 3630 1535 3690 peccatum
1563 3635 1668 3674 non
1693 3618 1835 3689 fecit,
1873 3633 1966 3672 nec
1994 3616 2085 3672 do-

505 3715 592 3768 lus
618 3715 858 3768 inventus
881 3723 955 3768 est
983 3716 1039 3768 in
1065 3731 1154 3768 ore
1185 3715 1300 3784 ejus
1332 3714 1383 3786 (1
1416 3713 1529 3769 Pet.
1558 3714 1644 3786 ll).

582 3802 853 3858 Venenum
881 3803 1123 3873 aspidum
1157 3805 1252 3858 sub
1283 3804 1437 3858 labiis
1473 3820 1676 3858 eorum.
1704 3803 1942 3875 (Ambr.)
1968 3803 2084 3860 Hoc

503 3895 653 3962 dicit,
709 3897 834 3966 quia
883 3896 1049 3950 verba
1095 3894 1402 3962 huiusmodi
1455 3895 1734 3951 hominum
1783 3895 2082 3965 muscipula

501 3995 646 4040 sunt.
676 3985 758 4040 Ad
789 3986 890 4040 hoc
928 3985 1072 4040 enim
1099 3985 1415 4055 loquuntur,
1438 3993 1496 4039 ut
1526 3986 1818 4056 decipiant,
1855 3993 1917 4040 ut
1941 3986 2083 4042 sicut

498 4093 598 4149 per
639 4079 781 4133 labia
825 4080 1092 4148 serpentis
1135 4095 1400 4135 venenum
1443 4077 1764 4145 infunditur,
1798 4079 1872 4134 ita
1904 4088 1960 4134 et
1985 4094 2083 4150 per

503 4171 644 4226 labia
673 4187 858 4226 eorum
891 4171 1044 4226 dolus
1069 4180 1123 4226 et
1143 4171 1648 4226 circumventiones.
1673 4169 1872 4243 (Or-ig.)
1894 4171 2083 4227 Potest

508 4262 676 4330 accipi
723 4262 826 4316 hoc
855 4270 908 4316 et
936 4261 1001 4314 de
1033 4261 1130 4315 'his
1173 4261 1264 4330 qui
1314 4261 1711 4316 calumniarum
1755 4262 2079 4316 commentis

499 4351 929 4405 circumveniunt
948 4353 1224 4415 homines;
1248 4360 1426 4420 potest
1453 4359 1509 4405 et
1527 4352 1594 4406 de
1618 4351 1703 4406 his
1729 4353 1819 4422 qui
1850 4368 1948 4422 per
1975 4354 2082 4408 ha:-

503 4439 731 4494 reticam
770 4440 1069 4494 doctrinam
1101 4455 1311 4497 veneno
1351 4439 1550 4496 diaboli
1574 4439 1830 4498 infectam
1868 4443 2080 4500 animas

498 4529 775 4602 decipiunt
793 4531 1138 4602 simplicium.
1570 4554 1572 4556 ν

571 4622 805 4688 Quorum
827 4640 884 4676 os
907 4623 1269 4681 maledictione
1293 4636 1342 4680 et
1365 4626 1719 4682 amaritudine
1741 4628 1952 4698 plenum
1970 4635 2067 4684 est.

497 4715 733 4788 (Ambr.)
754 4713 1093 4770 Manifestum
1115 4726 1216 4784 est,
1239 4718 1365 4788 quia
1381 4726 1568 4774 contra
1591 4720 1761 4775 bonos
1776 4718 1903 4774 mali
1924 4733 2071 4774 sem-

493 4823 594 4878 per
624 4808 902 4864 maledicta
929 4817 986 4864 et
1006 4825 1189 4864 amara
1211 4820 1518 4882 proponunt
1542 4813 1595 4867 in
1621 4813 1926 4868 convicium
1955 4813 2072 4869 illo-

493 4916 613 4956 rum
639 4916 858 4970 prorum
886 4910 1077 4970 pentes
1103 4911 1153 4957 el
1176 4903 1586 4959 detractionem.
1612 4903 1809 4976 (θήρ.)
1856 4905 2074 4960 Maledi-

351 4999 364 5010 °
389 5051 396 5056 _
491 4995 620 5049 ctio.
643 4992 780 5047 Huic
806 5001 986 5046 tamen
1011 5002 1066 5047 et
1088 4993 1392 5049 amaritudo
1416 4993 1780 5064 coniungitur,
1811 4997 1939 5066 quia
1998 5013 2070 5053 ex

492 5083 785 5139 iracundia:
831 5082 953 5137 felle
995 5084 1328 5152 depromitur
1370 5098 1385 5137 :
1427 5099 1526 5153 per
1560 5085 1892 5140 iracundiam
1923 5087 2068 5140 enim

492 5189 556 5228 ac
603 5173 840 5229 furorem
882 5175 951 5228 ad
1001 5174 1427 5229 maledicendum
1479 5173 1659 5246 lingua
1707 5176 2066 5246 compellitur.

523 5310 536 5324 ,
571 5260 780 5318 Veloces
826 5265 979 5334 pedes
1018 5280 1198 5318 eorum
1225 5265 1294 5317 ad
1326 5265 1701 5334 eiundendum
1733 5269 2062 5337 sanguinem.

491 5352 726 5424 (Ambr.)
769 5353 883 5409 Hoc
907 5355 975 5410 de
997 5370 1129 5410 nece
1157 5357 1544 5426 prophetarum
1570 5356 1729 5422 dixit,
1761 5367 1897 5426 quos
1923 5358 2064 5413 occi-

488 5445 683 5498 derunt
715 5442 960 5512 impigre,
996 5445 1065 5499 ad
1091 5446 1292 5501 bonum
1339 5460 1552 5517 segnes,
1603 5447 1672 5502 ad
1714 5447 2064 5516 parricidium

485 5535 724 5592 veloces.
763 5533 1016 5588 Contritio
1045 5545 1095 5590 et
1125 5537 1410 5606 infelicitas
1445 5539 1502 5592 in
1526 5538 1623 5593 uiis
1665 5554 1864 5594 eorum.
1913 5539 2061 5608 Quo-

485 5628 630 5682 niam
677 5625 826 5680 citati
870 5635 1029 5679 erant
1061 5627 1127 5680 ad
1165 5628 1644 5696 malefaciendum,
1688 5629 1793 5686 iter
1821 5631 2060 5701 ipsorum

482 5718 569 5772 vel
624 5731 869 5787 gressum
919 5713 1230 5770 tribulatum
1265 5727 1320 5772 et
1366 5717 1635 5774 infelicem
1682 5721 2056 5790 pronuntiant.

491 5805 556 5860 Et
588 5806 727 5860 viam
769 5806 913 5860 nucis
945 5820 1050 5860 non
1083 5818 1450 5876 cognoverunt.
1507 5809 1606 5866 Via
1632 5813 1784 5882 pacis
1810 5812 1948 5868 lenis
1972 5820 2058 5870 est

2203 1967 2400 2014 cuntur
2444 1969 2726 2015 conterere
2759 1959 2948 2032 iugum
2987 1962 3198 2018 Domini
3228 1970 3281 2016 et
3311 1953 3573 2033 projicere
3601 1980 3631 2018 a
3661 1981 3791 2019 cer-

2200 2050 2409 2106 vicibus
2439 2053 2570 2106 suis.
2621 2051 2883 2108 Similiter
2907 2062 2962 2109 et
2988 2053 3298 2123 infelicitas,
3343 2055 3428 2112 vel
3469 2057 3607 2111 sicut
3646 2059 3787 2113 alibi

2200 2143 2416 2213 legitur,
2441 2147 2652 2200 miseria
2677 2147 3050 2217 accipiendum
3079 2156 3180 2212 est;
3223 2163 3330 2218 qua
3355 2149 3521 2205 miser
3548 2146 3784 2205 enectus

2199 2245 2284 2291 est
2327 2237 2490 2292 homo
2522 2245 2578 2290 et
2625 2236 2840 2302 infelix,
2889 2239 2977 2309 qui
3007 2255 3123 2292 cum
3147 2239 3203 2293 in
3230 2239 3424 2294 honore
3463 2253 3626 2303 esset,
3668 2257 3780 2295 non

2196 2326 2470 2392 intellexit,
2501 2330 2589 2381 sed
2610 2341 2940 2399 comparatus
2980 2339 3054 2384 est
3085 2330 3341 2399 jumentis
3384 2331 3774 2402 insipientibus,

2195 2427 2246 2478 et
2269 2419 2454 2473 similis
2483 2420 2654 2488 {actus
2685 2430 2760 2476 est
2795 2423 2869 2477 eis
2919 2421 3094 2492 (Psal.
3113 2421 3323 2496 xum).
3355 2422 3422 2478 Et
3449 2425 3590 2478 viam
3617 2425 3774 2493 pacis

2195 2524 2302 2564 non
2333 2522 2719 2581 cognoverunt.
2749 2511 2859 2568 Pax
2890 2524 3075 2571 nostra
3101 2512 3351 2571 Christus
3375 2524 3487 2580 est;
3519 2517 3606 2570 via
3633 2532 3773 2587 ergo

2193 2601 2360 2669 pacis,
2378 2603 2462 2656 via
2478 2603 2678 2660 Christi
2699 2614 2801 2660 est.
2829 2604 2934 2661 Sed
2964 2607 3066 2662 etsi
3095 2608 3426 2678 accipiamus
3458 2609 3600 2678 quod
3638 2622 3772 2678 pec-

2192 2701 2427 2759 calores,
2457 2696 2583 2750 dum
2607 2697 2859 2752 vitiorum
2887 2698 3044 2754 bellis
3068 2715 3282 2770 semper
3297 2707 3577 2771 urgentur,
3619 2700 3769 2753 viam

2190 2783 2341 2853 pacis
2353 2785 2622 2854 ignorant,
2639 2797 2783 2844 recte
2800 2789 3164 2861 intelligimus.
3178 2790 3318 2845 Dicit
3335 2791 3478 2846 cutim
3493 2787 3766 2861 Propheta

2190 2874 2257 2928 ad
2284 2873 2569 2931 Dominum
2588 2895 2602 2933 :
2620 2876 2740 2933 Pax
2759 2881 2923 2935 multa
2953 2882 3285 2953 diligentibus
3312 2887 3496 2937 nomen
3515 2892 3683 2947 tuum,
3714 2893 3766 2936 et

2187 2981 2293 3020 non
2337 2976 2412 3021 est
2462 2966 2568 3022 illis
2623 2970 2931 3026 scandalum
2994 2971 3165 3042 (Psal.
3215 2971 3425 3042 cxvm).
3459 2971 3564 3026 Sed
3589 2981 3642 3026 et
3667 2971 3767 3025 ille

2185 3058 2414 3128 populus
2441 3060 2533 3129 qui
2560 3061 2626 3115 de
2652 3061 2883 3133 Egypto
2919 3065 3141 3120 eductus
3170 3070 3284 3130 est,
3315 3061 3456 3118 viam
3494 3061 3641 3134 pacis
3675 3061 3767 3116 ina

2187 3149 2372 3214 cessit,
2401 3158 2460 3203 ut
2487 3150 2540 3204 in
2574 3159 2772 3208 terram
2801 3156 3233 3225 repromissionis
3267 3151 3492 3221 veniret,
3522 3161 3575 3211 et
3605 3153 3768 3208 habi-

2191 3247 2334 3294 taret
2355 3239 2406 3292 in
2423 3237 2739 3307 Jerusalem,
2758 3261 2876 3315 quae
2897 3247 3276 3316 interpretatur
3289 3249 3417 3301 visio
3437 3247 3597 3314 pacis,
3616 3247 3764 3302 sient

2187 3339 2242 3387 et
2266 3332 2536 3402 Propheta
2569 3334 2700 3389 dicit
2727 3351 2742 3389 :
2774 3334 2970 3392 Factus
2999 3348 3073 3392 est
3111 3339 3163 3392 in
3199 3355 3326 3409 pace
3365 3338 3507 3392 locus
3535 3338 3678 3408 ejus,
3708 3346 3764 3392 et

2186 3425 2439 3482 habitatio
2479 3427 2593 3498 ejus
2623 3430 2679 3482 in
2715 3427 2847 3485 Sion
2880 3427 3051 3502 (Psal.
3100 3429 3284 3500 μιν).
3323 3427 3538 3485 Plenius
3574 3437 3761 3484 autem

2184 3519 2330 3574 viam
2367 3519 2519 3589 pacis
2549 3521 2821 3592 agnoscit,
2863 3522 2956 3593 qui
2983 3522 3059 3591 ad.
3078 3521 3313 3578 cmlestis
3338 3519 3632 3578 Jerusalem
3661 3519 3762 3574 ha-

2185 3609 2480 3665 bitaculum
2505 3613 2691 3677 tendit,
2723 3621 2783 3667 ut
2802 3613 2869 3668 ad
2896 3621 3135 3669 sanctam
3157 3612 3428 3667 civitatem
3452 3610 3548 3666 Dei
3569 3612 3761 3665 viven-

2185 3702 2256 3758 tis
2291 3704 2565 3759 ascendat.
2605 3702 2728 3760 Non
2750 3715 2824 3760 est
2866 3707 3022 3760 timor
3051 3705 3148 3760 Dei
3191 3716 3310 3760 ante
3341 3703 3516 3759 oculos
3551 3720 3754 3758 eorum.

2183 3793 2451 3861 Quoniam
2495 3793 2800 3863 huiusmodi
2825 3797 2944 3852 sine
2973 3812 3132 3853 sensu
3173 3805 3319 3860 sunt,
3350 3779 3460 3850 “Dei
3504 3793 3758 3849 timorem

2182 3901 2290 3942 non
2312 3886 2532 3942 habent.
2558 3885 2778 3941 Initium
2796 3889 3066 3959 sapientia:
3087 3890 3241 3942 timor
3263 3887 3468 3941 Domini
3482 3885 3673 3959 (Eccli.
3689 3887 3758 3956 ι),

2181 3979 2314 4035 dicit
2344 3978 2618 4036 Salomon.
2657 3980 2724 4036 Et
2748 3995 2854 4036 non
2885 3981 3020 4037 dixit
3059 3983 3307 4036 timorem
3355 3980 3451 4035 Dei
3498 3981 3596 4035 hos
3645 3995 3757 4035 non

2181 4070 2404 4136 habere,
2427 4071 2522 4126 sed
2549 4073 2658 4125 non'
2679 4082 2774 4136 est,
2804 4073 2996 4141 inquit,
3022 4072 3177 4126 timor
3196 4070 3296 4126 Dei
3321 4069 3438 4125 ante
3461 4070 3638 4125 oculos
3661 4087 3752 4124 eo—

2181 4177 2298 4216 rum
2325 4177 2343 4214 :
2369 4164 2608 4219 videntes
2649 4165 2794 4219 enim
2839 4172 2950 4219 tam
2988 4163 3220 4236 maligna
3255 4179 3418 4234 opera
3442 4179 3536 4218 sua
3561 4172 3614 4218 et
3646 4177 3753 4216 non

2180 4254 2482 4319 horrentes,
2527 4253 2772 4309 timorem
2822 4254 2918 4308 Dei
2969 4255 3220 4310 dicuntur
3261 4262 3386 4310 ante
3418 4253 3605 4309 oculos
3643 4267 3753 4306 non

2180 4344 2400 4399 habere.
2440 4342 2626 4416 (A‘ug.)
2674 4345 2806 4399 Item
2847 4345 2953 4400 alio
2993 4345 3154 4402 modo
3191 4347 3220 4400 ε’
3247 4342 3372 4400 Νοη
3409 4355 3504 4410 est,
3555 4343 3748 4414 inquit,

2176 4439 2267 4510 qui
2298 4439 2463 4509 faciat
2494 4439 2683 4493 bonum
2706 4478 2720 4503 ,
2753 4455 2857 4492 non
2884 4447 2958 4492 est
2986 4455 3146 4510 usque
3168 4439 3236 4492 ad
3267 4455 3449 4492 unum.
3481 4436 3651 4507 Usque
3681 4435 3749 4488 ad

2042 4599 2046 4608 l
2099 4559 2156 4623 Β
2181 4546 2364 4598 unum,
2410 4530 2497 4623 vel
2534 4546 2656 4586 cum
2706 4531 2822 4600 ipso
2857 4538 3175 4623 unoipotest
3215 4513 3458 4600 intelligi,
3489 4537 3548 4583 ut
3574 4526 3751 4623 null-us

2180 4619 2485 4679 hominum
2514 4622 2876 4694 intelligatur,
2906 4622 2992 4678 vel
3023 4632 3221 4694 praeter
3247 4638 3414 4676 unum
3436 4630 3498 4676 ut
3526 4618 3753 4687 accipia-

2179 4721 2270 4769 tur
2313 4712 2574 4768 Dominus
2619 4711 2888 4768 Christus.
2941 4711 3097 4768 Sicut
3141 4712 3416 4768 dicimus:
3455 4709 3562 4765 Iste
3621 4722 3749 4777 ager

2177 4823 2350 4884 usque
2376 4809 2443 4866 ad
2466 4822 2616 4862 mare
2661 4817 2766 4863 est.
2801 4806 2917 4864 Non
2955 4807 3140 4877 utique
3181 4806 3340 4862 simul
3379 4807 3749 4876 computamus

2177 4909 2233 4954 et
2261 4914 2429 4954 mare.
2462 4898 2531 4954 Et
2559 4900 2659 4954 iste
2695 4908 2779 4954 est
2817 4899 3008 4974 melior
3037 4899 3359 4964 intellectus,
3388 4907 3448 4952 ut
3473 4887 3632 4952 nemo
3659 4894 3745 4946 in-

2177 4991 2450 5060 telligatur
2477 4991 2666 5046 fecisse
2692 4992 2987 5046 bonitatem
3014 5006 3184 5061 usque
3213 4991 3278 5045 ad
3307 4989 3600 5050 Christum,
3624 4983 3748 5054 quia

2176 5098 2283 5138 non
2312 5092 2491 5153 potest
2517 5084 2747 5154 quisque
2773 5085 3051 5140 hominum
3083 5084 3262 5140 facere
3285 5083 3606 5145 bonitatem,
3643 5077 3748 5133 nisi

2174 5177 2290 5245 ipse
2329 5177 2745 5242 monstraverit;
2774 5185 2830 5232 et
2872 5176 3000 5232 illud
3042 5191 3230 5231 verum
3272 5183 3379 5241 est,
3418 5173 3542 5244 quia
3577 5182 3749 5240 usque

2171 5265 2313 5334 quod
2333 5265 2564 5334 quisque
2597 5275 2888 5337 cognoscat
2917 5283 3080 5324 unum
3109 5266 3303 5340 Deum,
3331 5265 3436 5338 non
3466 5271 3641 5335 potest
3669 5260 3749 5314 fa-

2170 5373 2295 5414 cere
2342 5357 2658 5414 bonitatem.
2702 5356 3008 5428 Sepulcrum
3033 5369 3214 5430 patens
3237 5369 3312 5417 est
3342 5368 3524 5430 guttur
3545 5373 3744 5411 eorum.

2167 5448 2277 5502 Aut
2315 5450 2586 5506 voracitas
2635 5449 2972 5520 signiﬁcatur
3026 5451 3287 5508 inhiamis
3334 5451 3492 5522 gulae,
3549 5437 3643 5504 aut
3689 5448 3745 5503 in

2169 5538 2423 5610 allegoria
2475 5539 2604 5608 quia
2653 5539 2926 5606 occidunt,
2973 5549 3042 5614 et.
3069 5541 3221 5611 quasi
3261 5527 3527 5610 devorant
3572 5539 3744 5593 inter-

2164 5630 2339 5686 fectos
2385 5644 2500 5696 eos,
2549 5630 2745 5700 quibus
2797 5647 3016 5689 suorum
3041 5677 3045 5682 .
3068 5648 3280 5690 morum
3325 5631 3743 5712 perversitatem

2162 5723 2530 5793 persuadent:
2571 5724 2657 5778 cui
2688 5724 2861 5779 simile
2909 5735 2993 5796 est
3026 5727 3352 5789 econtrario,
3397 5725 3541 5796 quod
3578 5723 3745 5781 Petro

2151 5814 2364 5871 dictum
2385 5822 2490 5880 est,
2519 5813 2701 5874 Macta
2737 5825 2786 5871 et
2831 5801 3262 5890 manducatAct.
3287 5817 3369 5890 κ),
3409 5811 3470 5873 ut
3501 5817 3555 5872 in
3583 5831 3740 5872 suam
