4056 6336
316 356 453 416 13H

835 338 1389 405 ιεΝΑιιιιΑιιοΝιιιι
1423 337 1494 395 1N
1531 318 1681 394 spe.
1717 330 1904 393 PAUL

2004 317 2194 388 ΙΒξῙΙ.
2234 360 2305 373 -
2339 327 2408 385 IN
2444 316 2665 421 EPIST.
2707 328 2799 385 AD
2833 326 3003 387 ROM.

3429 322 3573 415 se

313 479 502 526 contra
533 466 721 538 'legem
768 460 968 516 factum
1018 463 1326 529 putaretur,
1376 451 1572 521 adjecit
1616 448 1882 519 justitiam
1911 452 1963 512 Α
1987 454 2096 501 tam
2122 442 2385 515 profunda
2413 444 2486 498 sit
2498 441 2709 513 justitia
2739 442 2834 498 Dei
2859 449 2915 496 et
2938 440 3165 510 judicia,
3197 446 3257 495 ut
3283 439 3572 511 Apostolus

313 562 409 618 Dei
456 546 824 614 testimonium
868 551 1069 605 habere
1104 547 1172 603 ei
1199 546 1317 618 lege
1357 552 1412 600 et
1448 541 1752 614 prophetis,
1788 540 1902 594 hocr

315 661 420 720 est,
450 650 577 723 quia
603 648 720 720 ipsa
754 646 843 701 lex
885 656 954 699 ex
992 641 1095 696 alia
1124 649 1279 711 parte
1308 638 1437 693 olim
1472 636 1615 691 istud
1652 633 1893 687 futurum

315 748 564 811 dixerat;
595 742 724 814 quia
764 746 1022 795 venturus
1062 742 1181 788 erat
1203 732 1295 802 qui
1332 730 1578 785 homines
1616 727 1890 782 salvaret:

316 838 461 911 quod
488 835 591 907 legi
636 841 953 888 concessum
984 840 1091 880 non
1129 830 1277 887 erat;
1309 829 1365 875 ut
1394 827 1616 890 peccata
1645 818 1889 871 donaret.

316 909 440 988 ideo
463 937 641 983 autem
675 921 885 993 jnstitia
930 917 1025 973 Dei
1064 916 1206 970 dicta
1237 922 1341 978 est,
1369 926 1489 983 qua:
1518 909 1731 963 videtur
1773 918 1893 960 esse

317 1016 718 1079 misericordia;
748 1011 876 1081 quia
912 1007 984 1062 de
1023 1003 1381 1076 promissione
1405 1000 1670 1071 originem
1708 996 1890 1061 habet,

318 1124 374 1170 et
396 1128 518 1167 cum
538 1107 863 1181 promissum
888 1101 983 1156 Dei
1010 1098 1273 1161 redditur,
1301 1093 1509 1181 iustitia
1544 1091 1637 1145 Dei
1675 1089 1890 1143 dicitur.

317 1179 546 1258 iustitia
577 1204 663 1252 est
689 1194 867 1259 enim,
900 1190 1025 1260 quia
1052 1187 1320 1243 redditum
1358 1180 1613 1253 estquod
1658 1179 1892 1252 promis~

319 1310 441 1349 sum
472 1300 585 1356 est;
617 1298 670 1343 et
696 1302 816 1342 eum
845 1283 1074 1352 suscipit
1098 1280 1470 1346 confugientes
1493 1263 1636 1332 adse
1660 1272 1891 1344 justitia;

319 1384 535 1447 dicitur,
581 1380 708 1451 quia
752 1392 859 1431 non
914 1374 1187 1444 suscipere
1235 1369 1492 1440 iniquitas
1542 1374 1643 1421 est.
1676 1362 1893 1437 (Aug.)

140 1484 158 1508 ‘
263 1487 269 1492 '
319 1476 518 1531 Omnes
542 1472 955 1543 przevarieantes
982 1466 1157 1539 gratia
1187 1462 1481 1519 Salvatoris
1512 1459 1731 1524 invenit,
1764 1458 1897 1513 alios

322 1565 520 1637 majus,
544 1563 680 1618 alios
702 1562 914 1616 minus:
941 1565 1148 1628 quanto
1174 1556 1316 1609 enim
1334 1553 1467 1624 legis
1489 1549 1662 1619 major
1684 1550 1735 1603 in
1757 1563 1894 1618 quo-

321 1672 428 1726 quo
451 1654 716 1726 cognitio,
762 1659 913 1706 tanto
943 1650 1119 1704 minor
1148 1646 1357 1717 peccati
1386 1644 1662 1698 excusatio
1681 1682 1695 1708 ,
1748 1647 1897 1694 tanto

322 1744 655 1802 manii‘esuor
682 1739 1073 1813 pratvaricatio.
1113 1736 1371 1792 Restabat
1410 1749 1538 1805 ergo
1565 1742 1625 1787 ut
1666 1730 1897 1787 homini-

1995 539 2172 594 dicit:
2206 538 2378 604 Quam
2418 535 2783 592 inscrutabilia
2825 543 2944 590 sunt
2977 533 3187 605 judicia
3236 532 3357 587 Dei'
3380 530 3570 605 (Rom.

1995 628 2105 699 xi)i
2135 626 2242 684 Sed
2273 636 2329 683 et
2355 627 2633 697 Sapientia
2663 626 2737 681 ita
2771 626 2839 681 ad
2862 624 3109 679 homines
3127 623 3383 693 loquitur,
3416 621 3575 692 quasi

1992 735 2101 775 non
2131 720 2302 790 possit
2340 717 2547 787 iustitia
2576 717 2671 772 Dei
2714 724 2925 771 natura:
2954 714 3121 770 solius
3146 713 3382 770 motibus
3418 714 3569 781 sciri,

1993 814 2087 869 sed
2133 828 2230 883 per
2280 811 2542 866 doctrina:
2584 811 2822 867 studium
2874 808 3079 879 quaeri;
3132 816 3189 883 et
3219 808 3341 863 ideo
3392 806 3569 861 dicit:

1992 882 2189 957 Discite
2201 901 2488 971 justitiam,
2516 901 2606 971 qui
2620 899 2878 970 judicatis
2909 899 3083 953 orbem
3104 882 3259 970 (sap.
3280 896 3352 968 ι).
3376 895 3577 965 Quam-
3653 932 3671 939 -

1993 993 2181 1048 obrem
2211 992 2277 1045 ad
2307 991 2402 1045 Dei
2425 989 2693 1059 justitiam
2722 989 3153 1058 cognoscendam
3190 987 3325 1042 nihil
3353 999 3576 1058 prorsus

1993 1082 2345 1152 opitulabitur
2372 1081 2458 1136 lex
2482 1090 2711 1145 naturae,
2726 1080 2939 1135 etiamsi
2965 1080 3213 1133 videatur
3228 1076 3429 1147 aliquid
3456 1090 3575 1130 sen-

1994 1174 2098 1229 tire
2126 1173 2193 1228 de
2224 1173 2456 1227 humana
2501 1172 2733 1242 justitia.
2782 1170 2874 1225 illa
2903 1170 3046 1224 enim
3095 1169 3177 1223 lex
3227 1176 3405 1238 potest
3451 1183 3576 1222 seu-

1995 1266 2099 1321 tire
2144 1264 2274 1335 quid
2320 1263 2462 1317 inter
2499 1263 2742 1317 homines
2770 1260 2976 1330 justum
3022 1259 3129 1322 sit,
3174 1266 3236 1312 ut
3276 1261 3416 1328 quod
3456 1257 3573 1326 ipse
3642 1312 3645 1317 ,

1993 1359 2116 1429 quis
2144 1358 2257 1428 pati
2286 1371 2395 1410 non
2428 1355 2562 1419 vult,
2592 1355 2693 1409 hoc
2721 1368 2789 1408 ne
2817 1351 3066 1422 proximo
3110 1347 3291 1403 faciat.
3325 1346 3575 1417 Nunquid

1994 1449 2312 1507 neutraliter
2335 1455 2514 1518 potest
2535 1446 2723 1501 sentiri
2763 1444 2831 1499 de
2858 1443 2949 1498 illa
2974 1440 3219 1509 justitia,’
3239 1454 3359 1509 quae
3393 1438 3521 1492 dicit
3549 1453 3567 1493 :

2006 1539 2184 1594 Videte
2211 1556 2273 1594 ne
2294 1536 2792 1609 faciatis-justitiam
2814 1543 3033 1589 vestram
3057 1547 3234 1584 coram
3257 1528 3572 1590 hominibus,

1995 1643 2044 1688 et
2071 1642 2128 1687 ut
2176 1633 2370 1687 nesciat
2410 1632 2623 1685 sinistra
2673 1638 2764 1682 tua
2809 1626 2937 1698 quid
2975 1625 3138 1695 faciat
3181 1623 3395 1679 dextera
3440 1620 3585 1675 tua?

1999 1722 2234 1795 (Matth.
2285 1721 2405 1794 vr.)
2456 1721 2582 1776 Haec
2609 1728 2665 1775 et
2704 1716 3012 1787 bujusmodi
3051 1714 3199 1785 justa
3234 1715 3441 1792 dictare
3469 1727 3578 1766 non

321 1801 424 1894 bus
469 1851 574 1891 non
604 1801 721 1896 sui,
760 1832 852 1887 sed
880 1831 998 1896 Dei,
1032 1831 1086 1885 id
1113 1837 1218 1895 est,
1262 1842 1293 1882 a
1324 1826 1433 1881 Deo
1473 1801 1666 1880 donata
1692 1823 1897 1892 iustitia
1926 1805 1975 1868 B
2002 1822 2180 1887 potest
2221 1813 2304 1867 lex
2363 1820 2589 1876 naturae,
2629 1819 2685 1866 et
2724 1812 2845 1866 ideo
2888 1808 3019 1863 dicit
3060 1804 3383 1876 Apostolus:
3419 1801 3577 1856 Nunc

321 1928 651 1986 subveniret.
685 1925 838 1982 Unde
864 1924 940 1979 ait
978 1921 1304 1993 Apostolus:
1338 1919 1444 1973 Per
1466 1917 1628 1989 legem
1672 1915 1898 1986 cognitio

318 2020 517 2092 peccati
544 2036 557 2072 :
583 2032 691 2073 non
719 2030 850 2087 ergo
877 2013 1096 2076 oblatio,
1129 2013 1222 2067 sed
1248 2010 1501 2081 cognitio.
1531 2007 1689 2062 Nune
1726 2014 1901 2059 autem

319 2113 433 2166 sine
461 2110 587 2181 lege,
614 2109 810 2178 inquit,
847 2106 1059 2178 justitin
1082 2104 1181 2158 Dei
1207 2102 1545 2171 manifestata
1573 2109 1668 2165 est,
1713 2097 1899 2166 testiﬁ-

320 2212 443 2257 cata
464 2216 557 2272 per
587 2200 748 2270 legem
773 2209 821 2252 et
843 2197 1138 2268 prophetas.
1187 2194 1419 2248 Proinde
1445 2192 1609 2247 etiam
1640 2191 1742 2245 iste
1770 2189 1898 2244 sub-

310 2292 515 2363 junxit,
548 2300 818 2361 propterea
841 2286 1001 2341 dilexi
1031 2286 1346 2350 testimonia,
1378 2278 1632 2361 tanquam
1654 2282 1857 2336 diceret
1882 2297 1896 2335 :

319 2384 589 2453 Quoniam
620 2383 729 2447 lex,
761 2382 875 2437 sive
898 2379 954 2433 in
985 2377 1237 2449 paradiso
1268 2376 1413 2441 data,
1439 2375 1553 2430 sive
1581 2372 1902 2428 naturaliter

319 2458 508 2547 insita,
533 2476 649 2532 sive
682 2477 737 2531 in
766 2475 961 2530 litteris
986 2472 1345 2545 promulgata,
1371 2468 1792 2541 praevaricantes
1822 2466 1904 2523 fe-

316 2568 396 2625 cit
424 2581 612 2637 omnes
651 2574 965 2636 peccatores
1002 2572 1199 2629 teme;
1251 2551 1537 2635 propterea
1562 2560 1723 2615 dilexi
1752 2559 1903 2615 testi-

318 2658 504 2714 monia
533 2666 652 2723 tua,
681 2671 800 2728 quae
838 2664 965 2711 sunt
1004 2656 1058 2710 in
1086 2654 1203 2725 lege
1233 2663 1324 2709 tua
1367 2653 1432 2708 de
1468 2653 1640 2724 gratia
1673 2660 1763 2706 tua
1785 2693 1800 2716 ,
1841 2658 1902 2706 ut

318 2762 433 2803 non
461 2746 533 2801 sit
553 2746 609 2800 in
634 2760 723 2801 me
750 2744 962 2815 justitia
989 2759 1131 2810 mea,
1161 2744 1255 2800 sed
1284 2752 1396 2811 tua,
1431 2745 1513 2800 lex
1551 2744 1693 2799 enim
1709 2743 1779 2798 ad
1800 2744 1903 2798 hoc

317 2838 545 2911 prodest
563 2845 624 2892 ιιι
653 2838 837 2892 mittat
864 2837 931 2891 ad
956 2837 1208 2910 gratiam.
1249 2835 1367 2891 Non
1396 2835 1568 2891 solum
1596 2835 1740 2890 enim
1760 2832 1903 2906 quod

317 2937 613 2986 attestatur
643 2927 1036 2985 manifestanda
1084 2928 1292 2998 justitia
1338 2927 1464 2995 Dei,
1496 2942 1615 2998 quat
1644 2928 1760 2983 sine
1786 2928 1903 2999 lege

315 3032 429 3088 est,
452 3037 641 3077 verum
657 3021 823 3077 etiam
849 3021 953 3077 hoc
978 3020 1116 3091 ipso,
1139 3020 1283 3091 quod
1306 3018 1727 3090 praevaricantes
1749 3017 1897 3081 fecit,

316 3118 395 3174 ita
429 3123 489 3170 ut
512 3123 569 3171 et
590 3114 753 3170 etiam
781 3114 959 3168 littera
998 3112 1247 3177 occidat;
1283 3110 1351 3165 ad
1383 3109 1744 3165 viviﬁcaan
1775 3108 1901 3179 Spi-

315 3310 569 3357 catorum
597 3298 842 3352 deleatur
863 3295 1207 3360 universitas,
1236 3301 1290 3346 et
1315 3298 1463 3347 recte
1485 3290 1749 3347 factorum
1775 3291 1904 3346 cha-

316 3390 458 3446 ritas
485 3388 800 3457 inspiretur.
851 3385 955 3439 Per
974 3382 1160 3455 legem,
1205 3382 1398 3451 inquit,
1448 3381 1645 3453 agnitio
1683 3381 1901 3451 peccati.

317 3478 339 3550 (
368 3476 520 3545 Orig.
550 3474 569 3545 )
597 3476 734 3529 Dum
770 3488 870 3543 per
895 3473 1068 3555 legem
1098 3472 1312 3527 Domini
1345 3469 1475 3538 quid
1516 3466 1780 3540 agendum
1808 3469 1901 3535 sit,

318 3567 455 3639 quid
484 3565 779 3621 cavendum
802 3552 998 3643 simul,
1026 3570 1081 3619 et
1117 3564 1244 3633 quid
1268 3568 1550 3632 peccatum
1583 3561 1675 3626 sit,
1703 3568 1757 3615 et
1775 3552 1925 3633 quid.

321 3675 434 3715 non
465 3658 566 3722 sit,
599 3658 961 3728 agnoscimus,
984 3672 1093 3711 non
1118 3671 1265 3729 ergo,
1286 3665 1347 3709 ut
1378 3653 1617 3709 hrcrctici
1638 3653 1808 3725 Deum
1829 3652 1908 3707 le-

324 3753 411 3822 gis
437 3757 718 3814 accusant,
747 3748 889 3802 mala
917 3746 1069 3803 radix
1095 3757 1178 3802 est
1197 3748 1306 3819 lex,
1335 3758 1390 3801 et
1419 3745 1560 3801 mala
1589 3744 1772 3811 arbor,
1808 3759 1907 3814 per

324 3855 490 3912 quam
516 3839 721 3909 peccati
764 3838 914 3894 venit
941 3838 1181 3907 agnitio:
1219 3838 1344 3909 quia
1372 3852 1479 3891 non
1527 3834 1665 3892 dixit
1692 3850 1758 3889 ex
1796 3833 1906 3905 lege

323 3931 524 4004 agnitio
569 3929 789 4000 peccati,
842 3928 936 3984 sed
973 3944 1065 3999 per
1088 3928 1249 3999 legem
1268 3969 1282 3993 ,
1307 3937 1369 3982 ut
1392 3928 1533 3982 scias
1560 3934 1668 3982 tion
1695 3938 1761 3981 ex
1790 3925 1905 3996 ipsa

324 4008 534 4085 ortum,
583 4019 677 4074 sed
712 4033 808 4090 per
846 4018 1017 4088 ipsam
1067 4019 1305 4089 agnitum
1338 4032 1460 4072 esse
1499 4023 1802 4088 peceatum,
1845 4024 1906 4068 ut

324 4112 481 4170 verbi
508 4110 701 4182 gratia,
720 4111 765 4166 si
781 4110 1102 4174 diceremus,
1130 4125 1229 4179 per
1246 4116 1415 4163 artem
1446 4100 1728 4163 medicina:
1750 4106 1908 4160 datur

322 4203 601 4276 languoris
632 4201 853 4273 agnitio,
903 4200 1270 4271 nunquidnam
1312 4199 1585 4255 videretur
1616 4198 1715 4254 tibi
1743 4211 1905 4252 causa

322 4293 599 4365 languoris
644 4306 765 4347 esse
818 4291 1103 4355 medicina,
1134 4291 1258 4360 quia
1313 4304 1408 4361 per
1452 4290 1621 4360 ipsam
1672 4286 1907 4358 qualitas

323 4384 598 4456 languoris
622 4383 977 4453 agnoscitur?
1023 4381 1129 4436 Sed
1159 4382 1297 4436 sicut
1312 4368 1532 4436 constat
1560 4381 1765 4435 bonam
1790 4394 1907 4434 esse

1929 3150 1976 3219 Ο

314 3211 489 3266 ritum
518 3206 809 3279 confugere
837 3206 1086 3271 timorem
1109 3203 1411 3273 compellit,
1459 3217 1558 3272 per
1585 3216 1745 3271 quem
1774 3216 1901 3271 pec-
1933 3203 1973 3229 τ

1999 1918 2173 1962 autem
2200 1907 2313 1961 sine
2340 1904 2471 1976 lege,
2514 1912 2722 1959 naturae
2761 1901 2989 1967 scilicet,
3027 1898 3238 1970 justitia
3286 1895 3378 1951 Dei
3409 1896 3581 1949 mani-

1999 1999 2191 2070 festam
2220 2006 2316 2061 est,
2348 1996 2700 2050 testimonium
2722 1994 2916 2049 habens
2942 1991 3071 2063 legis
3097 1989 3269 2060 Moysi
3291 1998 3339 2042 et
3360 1987 3579 2058 prophe-

2000 2100 2196 2153 tarum,
2220 2089 2274 2142 in
2292 2088 2488 2157 quibus
2517 2094 2740 2141 sanctus
2765 2084 2997 2156 Spiritus
3012 2082 3180 2137 multa
3194 2096 3292 2152 per
3306 2078 3506 2157 ﬁguras
3526 2085 3581 2131 et

1998 2181 2284 2252 aenigmata
2310 2180 2376 2235 de
2398 2179 2607 2257 justitia
2638 2178 2734 2234 Dei
2764 2179 3078 2251 scripserat.
3113 2174 3181 2230 Et
3211 2174 3335 2228 nolo
3369 2171 3583 2227 mireris

2000 2274 2144 2344 quod
2166 2287 2329 2328 unum
2351 2271 2668 2327 vocabulum
2698 2269 2856 2342 legis,
2881 2268 3117 2324 secundo
3153 2268 3207 2321 in
3248 2265 3437 2320 eodem
3464 2264 3583 2318 loco

1999 2366 2254 2437 positum,
2270 2365 2477 2420 diversa
2494 2362 2781 2436 signiﬁcet.
2796 2361 3103 2417 invenimus
3118 2360 3259 2415 hanc
3282 2372 3404 2435 esse
3428 2355 3547 2411 Scri
3561 2383 3580 2395 -

1999 2466 2170 2530 ptume
2189 2458 2633 2512 consuetudinem
2659 2463 2714 2510 et
2745 2455 2798 2508 in
2829 2452 2950 2508 aliis
2970 2451 3123 2517 locis,
3156 2460 3216 2506 ut
3241 2450 3316 2521 ibi
3347 2468 3360 2504 :
3393 2447 3583 2503 Nonne

2002 2565 2088 2605 vos
2118 2546 2290 2601 dicitis
2317 2550 2442 2619 quia
2472 2548 2644 2621 adhuc
2664 2555 2893 2618 quatuor
2917 2560 3117 2599 menses
3145 2552 3290 2610 sunt,
3320 2550 3381 2621 ut
3408 2541 3578 2596 veniat

2001 2640 2182 2696 messis
2203 2642 2229 2695 Ρ
2251 2649 2298 2695 et
2327 2638 2519 2694 elevate
2560 2635 2738 2692 oculos
2778 2646 2994 2701 vestros,
3023 2643 3070 2689 et
3113 2634 3279 2689 videte
3320 2634 3573 2723 regiones,

2002 2741 2127 2811 quia
2161 2738 2295 2793 alba:
2332 2743 2453 2791 sunt
2494 2734 2565 2788 ad
2604 2747 2840 2787 messem.
2889 2728 3091 2811 (εἶοαηἼ
3140 2727 3259 2801 iv.)
3298 2727 3490 2791 Nonne
3531 2732 3587 2778 et

2004 2808 2109 2901 hoc
2133 2830 2254 2899 loco
2281 2826 2473 2884 messis
2499 2823 2736 2882 secundo
2764 2808 3062 2887 nominata,
3084 2808 3264 2901 primo
3293 2817 3362 2873 ad
3397 2830 3585 2885 corpo-

2005 2898 2174 2979 ralem
2215 2934 2447 2976 messem
2501 2916 2755 2981 refertur,
2805 2912 3044 2981 secundo
3084 2897 3214 2966 vero
3252 2909 3321 2965 ad
3368 2908 3586 2978 spirita-

2004 3015 2153 3072 lem?
2197 3014 2275 3079 lta
2305 3013 2359 3079 in
2387 3013 2490 3068 hoc
2524 3010 2642 3077 loco
2676 3007 2966 3080 Apostolus
3000 3019 3130 3061 eum
3166 3003 3282 3059 sine
3310 3002 3427 3072 iege
3454 2999 3587 3054 dicit

2000 3106 2269 3178 justitiam
2297 3100 2655 3165 manifestari,
2700 3108 2909 3167 natura:
2946 3096 3034 3152 lex
3064 3092 3379 3173 intelligitur
3416 3108 3429 3145 :
3461 3104 3585 3144 cum

2004 3214 2137 3255 vero
2167 3198 2316 3263 dicit,
2363 3193 2663 3263 Testiﬁcata
2692 3208 2723 3245 a
2751 3189 2860 3262 lege
2888 3198 2936 3244 et
2958 3187 3249 3259 prophetis,
3296 3181 3464 3255 Moysi
3504 3181 3585 3236 le-

2004 3305 2126 3364 gem
2155 3288 2420 3360 designat.
2468 3284 2595 3339 Hsec
2624 3297 2754 3364 ergo
2786 3278 2998 3351 iustitia
3029 3277 3148 3347 Dei,
3175 3288 3295 3344 quae
3327 3281 3410 3364 est
3429 3270 3588 3327 Chri-

2006 3362 2140 3449 stus,
2191 3375 2574 3433 manifestatur
2612 3362 2731 3428 sine
2768 3371 2884 3441 lege
2919 3367 3134 3439 quidem
3184 3362 3438 3429 naturali,
3480 3375 3587 3417 non

2006 3482 2186 3539 tamen
2226 3472 2341 3538 sine
2386 3468 2501 3538 lege
2530 3465 2698 3538 Moysi
2745 3463 2832 3519 vel
2878 3460 3192 3534 prophetis:
3221 3459 3312 3513 dat
3344 3457 3489 3511 enim
3532 3453 3582 3509 ei

2006 3564 2375 3631 testimonium
2420 3560 2528 3625 lex,
2584 3558 2727 3627 sicut
2770 3563 2825 3610 et
2876 3555 2989 3625 ipse
3032 3552 3162 3608 dicit
3203 3568 3216 3605 :
3258 3546 3585 3606 Scrutamini
3622 3542 3629 3546 ”

2008 3654 2330 3726 Scripturas,
2354 3661 2401 3706 et
2438 3650 2566 3720 ἱρείη
2588 3656 2710 3703 sunt
2750 3662 2867 3710 qua:
2897 3645 3246 3699 testimonium
3273 3642 3494 3696 reddam
3521 3639 3585 3694 de

2006 3761 2087 3799 me
2125 3743 2326 3815 (Joan.
2352 3757 2387 3795 v
2420 3740 2462 3813 ).
2516 3738 2652 3794 Nam
2698 3737 2785 3793 lex
2818 3736 3036 3808 quidem
3086 3730 3354 3791 naturalis
3405 3739 3586 3805 potest

2006 3835 2320 3894 occasiones
2342 3833 2580 3904 praebere
2618 3838 2674 3885 et
2695 3818 3027 3897 intellectum
3056 3827 3183 3881 dare
3203 3866 3219 3893 ,
3245 3832 3306 3879 ut
3324 3818 3579 3897 diximus,

2006 3926 2093 3981 vel
2119 3925 2188 3980 ad
2213 3940 2279 3979 ea
2305 3938 2425 3995 quze
2453 3922 2596 3977 inter
2620 3935 2809 3991 omnes
2829 3922 2914 3992 agi
2941 3918 3166 4009 aequitas
3187 3916 3380 3987 poscit,
3408 3914 3492 3968 vel
3515 3915 3582 3996 ad

2006 4019 2112 4074 hoc
2137 4017 2332 4087 ipsum,
2364 4022 2426 4069 ut
2455 4028 2573 4069 esse
2603 4012 2800 4078 seuiat
2834 4006 3024 4065 Deum.
3057 4011 3133 4064 De
3155 4006 3371 4064 Christo
3402 4015 3582 4062 autem

2007 4109 2131 4180 quia
2171 4108 2241 4162 sit
2267 4104 2437 4162 Filius
2475 4104 2568 4158 Dei
2607 4103 2809 4158 sentire
2852 4099 3173 4155 naturaliter
3206 4100 3329 4170 quis
3368 4098 3589 4169 potest?

2004 4200 2131 4257 ideo
2155 4214 2284 4270 ergo
2308 4198 2425 4252 sine
2449 4198 2552 4251 hac
2565 4194 2682 4265 lege
2698 4193 2908 4265 justitia
2934 4192 3053 4266 Dei,
3070 4206 3187 4271 qua:
3208 4202 3289 4246 est
3315 4190 3582 4255 Christus,

2008 4288 2348 4346 manifestata
2375 4297 2478 4367 est,
2508 4286 2796 4359 testiﬁcata
2821 4300 2889 4341 ex
2917 4284 3033 4357 lege
3059 4283 3227 4355 Moysi
3257 4289 3311 4338 et
3346 4284 3579 4367 prophe-

2010 4381 2096 4436 tis.
2144 4380 2349 4435 JVerum
2408 4362 2722 4449 priusquam
2766 4376 2834 4432 ad
2882 4374 3162 4447 sequentia
3206 4362 3584 4445 properemus,

326 4473 818 4569 medicinam-quat
844 4469 1184 4569 aegritudinis
1208 4468 1614 4569 intelligentiam
1656 4475 1903 4539 praestat,
1932 4507 1986 4569 Β
2009 4473 2303 4545 omittenda
2349 4458 2458 4526 non
2491 4473 2704 4527 videtur
2738 4485 2805 4526 ne
2838 4468 2965 4527 haec
2999 4466 3219 4553 quidem
3255 4470 3581 4536 observatio,

326 4580 429 4636 qua
452 4563 622 4632 possit
643 4562 799 4616 vitari
842 4560 1146 4623 inﬁrmitas,
1168 4561 1246 4615 ita
1284 4568 1339 4615 et
1368 4559 1452 4614 lex
1480 4559 1621 4614 bona
1658 4568 1768 4625 est,
1812 4573 1910 4628 per

329 4671 489 4726 quam
516 4661 797 4724 peceatum
842 4653 1260 4722 deprehenditur
1296 4660 1352 4707 et
1384 4652 1708 4723 agnoscitur.
1755 4652 1914 4707 Nunc

331 4757 511 4802 autem
538 4747 653 4800 sine
681 4745 796 4816 lege
821 4744 1030 4814 iustitia
1055 4745 1152 4800 Dei
1182 4744 1524 4800 manifestata
1544 4751 1646 4799 est.
1670 4742 1801 4796 Taie
1829 4749 1914 4795 est
1954 4771 1966 4786 ο

329 4854 456 4909 ergo
499 4838 641 4908 quod
670 4837 821 4900 dicit,
868 4853 975 4892 non
1019 4838 1158 4893 sicut
1192 4853 1288 4908 per
1325 4837 1496 4911 legem
1545 4834 1748 4906 agnitio
1786 4847 1914 4905 pec-

329 4931 453 4995 cati,
501 4929 577 4984 ita
606 4936 661 4985 et
698 4928 1063 4984 manifestatio
1094 4929 1317 4999 justitiie
1354 4931 1449 4986 Dei
1476 4945 1576 5001 per
1599 4929 1774 5001 legem
1817 4926 1906 4994 ﬁt,

330 5023 421 5079 sed
475 5022 590 5077 sine
642 5021 762 5103 iege
802 5020 1180 5076 maniiestatur
1226 5022 1436 5093 iustitia
1490 5020 1584 5076 Dei
1603 5038 1637 5093 ;a
1684 5025 1908 5091 poterat

329 5117 471 5171 enim
493 5124 700 5170 natura:
738 5114 821 5169 lex
856 5129 1091 5189 arguere
1121 5114 1325 5184 peccati
1367 5122 1615 5168 naturam
1635 5154 1649 5179 ,
1680 5120 1733 5167 et
1760 5111 1911 5168 noti-

332 5207 463 5259 tiam
489 5206 606 5276 ejus
629 5206 915 5263 ostendere
940 5223 953 5261 :
990 5204 1199 5274 iustitia
1230 5214 1407 5260 autem
1438 5206 1532 5261 Dei
1558 5220 1813 5277 supergre
1826 5199 1907 5261 lli-

335 5304 422 5349 tur
445 5302 506 5361 et
533 5298 896 5365 supereminet
945 5297 1048 5351 hoc
1087 5296 1444 5367 quodcunque
1478 5311 1630 5350 mens
1664 5296 1908 5350 humana

336 5384 461 5439 solis
514 5389 847 5445 naturalibus
898 5390 1148 5445 sensibus
1205 5396 1385 5460 potest
1450 5388 1656 5443 rimari.
1714 5387 1909 5459 Neque

336 5473 476 5529 enim
503 5474 699 5535 sufficit
716 5477 788 5530 ad
814 5478 1211 5549 intelligendam
1242 5486 1297 5533 et
1325 5477 1766 5532 considerandam
1794 5490 1907 5530 non

336 5578 707 5634 quamcunque
746 5566 1038 5623 humanam
1062 5609 1077 5634 ,
1126 5571 1225 5625 sed
1268 5570 1445 5639 ipsam
1480 5568 1578 5624 Dei
1608 5570 1907 5641 justitiam,

339 5663 393 5712 et
413 5655 611 5726 judicia
642 5673 759 5728 quae
787 5673 855 5713 ex
880 5659 999 5729 ipsa
1025 5661 1355 5721 descendunt
1381 5703 1396 5728 ,
1439 5662 1505 5718 de
1536 5664 1731 5733 quibus
1770 5662 1910 5716 dici-

337 5756 424 5837 tur
440 5790 457 5818 ,
484 5750 623 5835 quia
651 5760 776 5809 sunt
796 5752 1016 5842 abyssus
1042 5754 1207 5823 multa
1284 5754 1434 5812 Psai.
1460 5770 1604 5813 xxxv
1622 5755 1665 5839 ),
1691 5762 1752 5825 et
1775 5754 1903 5845 quia

2014 4569 2156 4639 quod
2190 4569 2242 4622 in
2270 4575 2497 4637 peccato
2535 4564 2749 4636 quidem
2782 4563 3109 4637 agnitionem
3136 4563 3307 4631 posui,
3347 4563 3400 4616 in
3425 4560 3586 4639 justi-

2017 4638 2089 4712 tia
2126 4671 2254 4711 vero
2303 4654 2810 4710 manifestationem.
2837 4652 3008 4708 Omne
3036 4639 3179 4722 quod
3210 4638 3587 4705 manifestatur

2013 4751 2101 4807 lux
2130 4760 2213 4807 est
2239 4769 2252 4805 :
2282 4752 2399 4805 etsi
2426 4750 2565 4820 quod
2606 4748 2983 4803 manifestatur
3002 4746 3092 4800 lux
3131 4752 3236 4810 est,
3278 4752 3580 4815 peccatum,

2013 4845 2153 4914 quod
2182 4843 2274 4897 lux
2309 4859 2415 4897 non
2441 4834 2546 4911 est,
2583 4858 2690 4907 non
2712 4840 3107 4918 manifestatur,
3139 4822 3232 4894 sed
3252 4838 3579 4911 agnoscitur.

2011 4935 2124 5005 Ego
2168 4936 2246 4993 sic
2294 4934 2501 5004 accipio
2537 4940 2591 4989 et
2624 4932 2792 4987 illud:
2824 4930 2975 4986 Nihil
3008 4930 3267 4985 occultum
3307 4930 3445 5009 quod
3482 4946 3583 4984 non

2012 5024 2390 5095 manifestatur,
2426 5039 2520 5078 nec
2543 5032 2796 5094 opertum,
2827 5021 2965 5093 quod
3010 5037 3113 5075 non
3159 5017 3427 5073 reveletur.
3478 5016 3583 5073 Sed

2013 5116 2081 5171 ad
2104 5098 2439 5188 propositum
2484 5122 2839 5170 revertamur.
2891 5111 3002 5168 Lex
3049 5124 3177 5181 ergo
3217 5117 3273 5165 et
3308 5110 3583 5180 prophetat

2013 5214 2182 5283 testes
2209 5205 2576 5278 sunt-justitite
2615 5204 2731 5270 Dei,
2761 5218 2882 5275 quae
2910 5202 3120 5285 justitia
3148 5217 3245 5273 per
3266 5200 3424 5269 ﬁdem
3458 5200 3584 5258 Jesu

2014 5297 2215 5353 Christi
2264 5296 2639 5365 manifestatur
2666 5295 2935 5367 in‘omnes
2965 5292 3269 5363 credentes,
3306 5293 3358 5348 in
3390 5295 3584 5367 quibus

2014 5388 2159 5443 nulla
2181 5396 2265 5443 est
2303 5387 2577 5442 distinctio
2616 5392 2889 5440 utrum'ex
2919 5383 3116 5453 Iudaeis
3146 5399 3214 5439 an
3240 5399 3307 5439 ex
3339 5386 3584 5457 gentibus

2016 5481 2258 5537 credant.
2301 5477 2517 5547 Iustitia
2543 5491 2716 5532 autem
2747 5477 2845 5532 Dei
2886 5493 2979 5548 per
3009 5476 3165 5546 ﬁdem
3207 5462 3345 5541 Iesu,
3365 5476 3579 5533 Christi.

2017 5570 2269 5643 (A,mbr.)
2296 5569 2434 5637 Quid
2462 5569 2606 5624 enim
2658 5567 2801 5624 aliud
2848 5583 2942 5638 per
2987 5566 3145 5643 ﬁdem
3194 5567 3322 5641 Jesu
3359 5567 3580 5643 Christi,

2017 5640 2118 5718 nisi
2146 5640 2270 5745 quia
2307 5662 2422 5733 ipsa
2452 5661 2545 5716 Dei
2579 5659 2787 5745 justitia
2818 5640 3205 5733 mani‘festatio
3226 5657 3426 5733 Christi
3456 5642 3582 5713 est?

2015 5752 2122 5815 Per
2151 5740 2312 5810 fidem
2348 5752 2495 5831 enim
2532 5734 2930 5847 praedicationis
2954 5750 3084 5845 iesu
3111 5750 3312 5841 Christi
3339 5736 3585 5860 agnosci;
