4056 6336
469 318 610 375 1545

1111 317 1170 371 Β.
1212 314 1462 370 MBAN]
1497 313 1714 370 MAURI
1749 313 2068 369 ARCHIEP.
2110 309 2419 368 MOGUNT.
2459 311 2744 368 OPERUM
2779 311 2958 370 PARS
2995 315 3079 370 ΠΙ.

3620 318 3785 376 1544

469 440 555 486 tur
580 431 777 486 donum
811 429 1010 485 dudum
1047 429 1372 499 promissum
1402 441 1433 480 a
1460 426 1606 491 Deo,
1651 426 1735 480 vel
1783 425 2035 480 sumitur.
2065 428 2118 487 Α
2141 421 2326 494 domus
2364 423 2614 477 orationis
2649 424 2921 477 vocabitur
2946 426 3001 478 in
3037 427 3276 481 omnibus
3311 430 3576 499 gentibus
3619 429 3779 486 (Isa.

466 521 534 574 In
563 537 740 576 omnes
769 529 818 575 et
842 536 998 590 super
1027 535 1202 573 omnes
1229 519 1319 589 qui
1345 519 1578 571 credunt.
1610 517 1723 572 Hoc
1747 524 1849 582 est,
1879 531 2056 584 super.

467 631 654 686 omnes
679 614 891 671 Iudaeos
925 624 978 670 et
1009 614 1224 670 Graacos
1255 613 1535 668 credentes
1565 614 1733 667 videri
1761 615 1851 668 Dei
1878 612 2039 680 justi-
2063 617 2075 625 “

469 705 617 759 tiam.
653 704 776 759 Non
809 706 947 759 enim
975 715 1048 758 est
1076 705 1339 769 distinctio
1363 720 1381 757 :
1405 719 1580 756 omnes
1607 712 1963 772 pcscaverunt,
1991 711 2040 756 et

389 853 392 856 _
467 804 612 864 egent
656 793 826 864 gloria
852 793 970 847 Dei.
1002 794 1135 861 Quia
1164 795 1372 848 dixerat
1414 809 1574 863 super
1606 808 1792 848 omnes
1833 791 2045 848 Judteos

470 893 525 940 et
542 883 759 939 Graecos
779 883 873 938 Dei
895 899 1014 938 esse
1022 882 1309 951 justitiam,
1326 894 1386 939 ut
1404 885 1506 939 hoc
1522 883 1794 955 probaret,
1812 884 2040 954 adjecit:

472 973 662 1029 Omnes
689 966 840 1027 enim
876 984 1232 1043 peccaverunt.
1260 971 1371 1029 Hoc
1407 974 1733 1046 generaliter
1769 975 2042 1045 accipien-

471 1064 595 1120 dum
613 1103 627 1129 ,
655 1073 712 1118 ut
743 1064 1106 1134 intelligantur
1131 1074 1236 1119 tam
1263 1064 1430 1119 Judaei
1465 1080 1628 1135 quam
1657 1065 1829 1120 Graeci
1858 1112 1867 1119 .
1904 1066 2046 1122 unde

472 1154 568 1219 ait,
592 1164 783 1208 nonest
811 1155 1108 1221 distinctio;
1137 1171 1312 1209 omnes
1343 1157 1484 1210 enim
1525 1157 1615 1211 hic
1641 1158 2047 1225 comprehcndit

470 1246 632 1300 etiam
654 1255 708 1298 et
728 1253 967 1308 sanctos,
995 1253 1050 1299 ut
1077 1247 1387 1301 ostenderet
1415 1247 1544 1300 nihil
1580 1246 1846 1316 profuisse
1873 1247 2047 1316 legem

471 1337 588 1391 sine
610 1336 744 1400 ﬁde;
774 1336 852 1392 sic
872 1337 1014 1392 enim
1039 1337 1124 1392 lex
1145 1338 1266 1392 data
1291 1346 1394 1402 est,
1425 1348 1484 1392 ut
1511 1339 1644 1393 ﬁdes
1665 1348 1807 1395 esset
1833 1340 1886 1393 in
1910 1340 2045 1411 lege,

471 1441 589 1495 qua
632 1424 870 1481 futuram
908 1436 1153 1497 speraret
1195 1428 1444 1482 salutem.
1497 1428 1854 1494 Quamobrem
1901 1446 2048 1486 mors

470 1515 670 1589 Christi
692 1517 942 1572 omnibus
961 1517 1208 1586 proﬁcit,
1235 1518 1359 1587 quia
1384 1527 1439 1573 et
1467 1518 1555 1573 hic
1586 1519 1646 1588 in
1673 1519 1890 1587 saeculo,
1921 1520 2049 1587 quid

470 1607 798 1662 credendum
819 1615 874 1662 et
889 1609 1281 1662 observandum
1305 1618 1410 1674 est,
1436 1609 1639 1673 docuit,
1667 1618 1723 1663 et
1746 1611 1813 1663 de
1841 1607 2050 1663 inferno

471 1712 661 1753 omnes
685 1699 910 1771 eripuit.
950 1698 1142 1754 Omnes
1173 1701 1307 1753 enim
1359 1710 1698 1770 peccaverunt
1729 1713 1748 1752 :
1772 1700 1865 1755 sed
1906 1699 2051 1755 solus

2141 512 2272 583 LVI).
2319 512 2574 580 Quamvis
2617 515 2764 568 enim
2809 514 3084 572 Judaismo
3122 517 3264 573 facta
3297 510 3628 588 promissio
3675 523 3778 588 sit,

2143 606 2234 659 sed
2269 605 2525 673 praescius
2561 606 2716 660 Deus!
2737 621 2801 661 eo
2831 608 2973 675 quod
2999 609 3197 664 donum
3226 611 3343 681 ejus
3375 614 3780 683 reprobaturi

2143 703 2323 749 essent
2347 696 2494 765 impii
2523 695 2691 750 Judzei
2712 737 2727 762 ,
2757 708 2944 767 gentes
2979 714 3039 753 se
3078 702 3144 753 ad
3171 702 3604 770 percipiendam
3640 720 3782 773 gra-

2144 785 2273 839 tiam
2303 801 2454 840 suam
2484 788 2731 855 promisit
2756 789 3063 856 admittere,
3101 805 3328 859 quarum
3377 795 3778 851 :emulatione

2145 873 2197 928 in
2251 875 2390 929 iram
2431 877 3012 943 missi,cruciarentur
3061 881 3211 950 impii
3264 880 3451 938 Judaai.
3507 884 3600 939 In
3669 888 3781 942 hoc

2144 975 2370 1036 tempore
2392 1010 2404 1031 ,
2459 970 2512 1023 id
2560 979 2671 1034 est,
2728 979 2967 1039 tempore
2997 980 3180 1026 nostro
3205 988 3311 1041 quo
3345 975 3497 1028 dedit
3548 975 3724 1032 Deus
3758 1018 3775 1044 ,

2146 1060 2288 1128 quod
2318 1060 2446 1114 olim
2477 1061 2801 1130 promiserat
2827 1061 3058 1116 dandum
3089 1072 3330 1132 tempore
3355 1080 3461 1134 quo
3507 1068 3716 1122 dedit.

2220 1156 2287 1210 Ut
2315 1159 2383 1211 sit
2414 1159 2521 1227 ipse
2537 1159 2739 1229 justus,
2766 1160 3068 1229 justiﬁcans
3111 1179 3228 1214 eum
3275 1165 3365 1232 qui
3407 1181 3470 1218 ea:
3522 1167 3654 1233 ﬁde
3692 1178 3773 1221 est

2147 1249 2274 1302 Jesu
2301 1248 2515 1302 Christi.
2550 1249 2714 1304 Recte
2742 1251 2836 1315 ait,
2871 1252 2996 1319 quia
3035 1261 3092 1304 ut
3117 1253 3187 1307 sit
3207 1252 3387 1320 justus
3416 1256 3590 1309 dedit
3616 1258 3776 1325 quod

2149 1341 2397 1410 promisit
2429 1357 2440 1392 :
2473 1341 2576 1395 hoc
2605 1350 2781 1395 autem
2811 1343 3058 1412 promisit
3076 1344 3372 1416 justiﬁcare
3410 1361 3469 1400 se
3511 1348 3772 1401 creden-

2151 1441 2231 1486 tes
2260 1433 2314 1486 in
2344 1432 2578 1487 Christo.
2607 1433 2748 1488 Dicit
2775 1443 2953 1488 autem
2993 1436 3047 1488 in
3096 1435 3347 1490 Habacuc
3377 1437 3634 1492 :Justus
3668 1457 3768 1492 au-

2151 1532 2252 1576 tem
2274 1539 2339 1576 ea:
2366 1522 2470 1592 ﬁde
2495 1539 2607 1576 mea
2639 1526 2756 1578 vivit
2781 1526 2800 1595 (
2825 1525 3030 1580 Ilabnc.
3073 1526 3142 1595 ιι)
3161 1567 3176 1589 ,
3205 1535 3264 1579 ut
3287 1527 3411 1581 dum
3438 1528 3547 1582 Dei
3591 1529 3767 1584 ﬁdem

2152 1616 2313 1670 habet
2341 1625 2395 1669 et
2419 1615 2641 1677 Christi.
2670 1617 2740 1670 sit
2757 1615 2954 1684 justus.
2997 1617 3084 1672 Fit
3116 1634 3246 1689 ergo
3274 1635 3371 1688 per
3406 1622 3772 1690 repropitia-

2154 1706 2353 1760 tionem
2381 1707 2659 1776 sanguinis
2685 1706 2884 1762 Christi
2912 1708 3157 1763 remissio
3178 1709 3625 1778 praecedentium
3671 1709 3766 1764 de-

472 1790 588 1843 sine
621 1798 843 1858 peccato
877 1791 1024 1844 venit
1049 1790 1140 1858 qui
1181 1805 1279 1845 nos
1316 1799 1629 1859 peccatores
1671 1791 1894 1844 invenit.
1937 1791 2051 1846 Hoc
2077 1781 2126 1842 Β
2156 1796 2406 1850 lictorum
2431 1797 2486 1850 in
2509 1798 2899 1852 sustentatione
2914 1798 3007 1851 Dei
3024 1799 3091 1852 ad
3119 1799 3483 1853 ostensionem
3513 1801 3770 1869 justitia:

471 1881 790 1950 Apostolus:
810 1880 1000 1935 Omnes
1017 1882 1153 1936 enim
1165 1891 1502 1951 peccaverunt
1521 1892 1570 1936 et
1587 1891 1732 1952 egent
1754 1881 1920 1953 gloria
1932 1882 2050 1949 Dei,

473 1981 534 2026 ut
552 1973 666 2040 ipse
691 1972 902 2036 liberet,
929 1987 1034 2026 non
1058 1981 1136 2037 tu,
1161 1974 1285 2042 quia
1317 1983 1370 2028 tu
1403 1982 1454 2028 te
1480 1974 1712 2028 liberare
1736 1990 1841 2028 non
1867 1984 2050 2044 potes;

475 2062 680 2132 indiges
712 2062 1036 2129 liberatore,
1065 2064 1192 2132 quid
1219 2072 1303 2118 est
1329 2065 1471 2133 quod
1506 2074 1557 2118 te
1581 2063 1794 2132 jactas?
1822 2065 1950 2134 quid
1971 2075 2058 2122 est

473 2155 616 2224 quod
637 2155 704 2208 de
731 2154 846 2225 lege
871 2162 927 2208 et
949 2154 1014 2208 de
1031 2153 1244 2224 justitia
1271 2156 1596 2225 praesumis?
1623 2154 1757 2210 Vide
1787 2172 1946 2228 ergo,
1975 2165 2057 2211 at-

475 2247 635 2302 tende
653 2262 775 2302 eum
797 2247 888 2316 qui
911 2246 1068 2301 dicit:
1085 2245 1424 2300 Condelector
1444 2249 1581 2301 enim
1605 2247 1714 2318 lege
1730 2247 1850 2314 Dei,
1872 2238 2058 2302 secun-

473 2339 599 2392 dum
631 2339 927 2392 interiorem
947 2338 1230 2402 hominem,
1255 2347 1387 2403 etc.,
1416 2353 1591 2408 usque
1617 2340 1742 2394 dum
1772 2341 1847 2394 ait
1872 2359 1886 2394 :
1925 2340 2057 2406 Quis

475 2444 556 2480 me
583 2427 817 2481 liberabit
845 2427 909 2480 de
941 2443 1154 2496 corpore
1191 2427 1376 2480 mortis
1404 2426 1563 2497 hujus
1587 2428 1611 2480 ?
1641 2431 1812 2498 gratia
1840 2428 1937 2483 Dei
1967 2444 2060 2499 per

474 2519 656 2574 Jesum
681 2519 945 2574 Christum
969 2519 1250 2573 Dominum
1273 2529 1507 2573 nostrum
1529 2519 1708 2590 (Rom.
1734 2520 1854 2591 vn).
1880 2519 2060 2586 Quare

476 2611 691 2681 gratia?
716 2611 842 2680 quia
875 2611 1045 2682 gratis
1071 2611 1249 2665 datur.
1283 2610 1464 2677 Quare
1497 2612 1666 2682 gratis
1703 2611 1903 2664 datur?
1932 2611 2060 2681 quia

477 2702 670 2778 merita
688 2712 777 2756 tua
797 2716 905 2756 non
926 2709 1344 2771 praecesserunt,
1361 2702 1453 2756 sed
1473 2701 1736 2758 beneﬁcia
1752 2702 1848 2756 Dei
1864 2711 1912 2757 te
1924 2719 2060 2772 prte-

477 2795 761 2847 vene'runt.
792 2791 870 2846 llli
899 2805 1028 2863 ergo
1053 2791 1220 2863 gloria
1257 2793 1347 2862 qui
1389 2808 1487 2847 nos
1524 2793 1737 2848 liberat.
1772 2791 2063 2862 Justiﬁcati

478 2886 641 2955 gratis
663 2901 755 2954 per
773 2886 1001 2955 gratiam
1026 2887 1213 2955 ipsius.
1243 2884 1531 2940 Justiﬁcati
1564 2895 1689 2940 sunt
1713 2886 1902 2957 gratis,
1935 2886 2061 2955 quia

481 2975 613 3028 nihil
627 2984 936 3044 operantes,
954 2990 1127 3045 neque
1139 2977 1311 3031 vicem
1332 2976 1637 3042 reddentes,
1653 2978 1764 3032 sola
1786 2977 1888 3032 ﬁde
1905 2976 2064 3045 justi-

482 3066 629 3119 ﬁcati
658 3074 784 3119 sunt
812 3067 950 3120 dono
984 3066 1098 3119 Dei.
1142 3066 1249 3119 Per
1284 3068 1683 3134 redemptionem
1703 3109 1717 3133 ,
1757 3086 1874 3138 qua:
1902 3077 1976 3122 est
2007 3071 2063 3122 in

482 3157 689 3212 Christo
724 3155 873 3210 Iesu.
920 3155 1161 3211 Gratiam
1193 3158 1286 3211 Dei
1327 3158 1380 3212 in
1421 3158 1635 3214 Christo
1661 3175 1780 3215 esse
1808 3149 2059 3227 testatur,

484 3251 610 3319 quia
631 3250 905 3305 voluntate
918 3249 1014 3305 Dei
1035 3265 1064 3304 a
1084 3249 1583 3321 Christoredempti
1606 3267 1807 3316 sumus,
1828 3263 2063 3310 utmanu

485 3341 636 3394 missi
660 3338 1105 3406 justiﬁcaremur,
1130 3341 1273 3394 sicut
1294 3340 1361 3418 ad
1375 3339 1616 3407 Galatas,
1638 3341 1768 3396 dicit
1790 3361 1802 3395 :
1826 3332 2070 3398 Christus-

485 3451 578 3488 nos
607 3433 836 3498 redemit,
869 3432 1102 3490 offerens
1127 3447 1186 3489 se
1215 3449 1314 3505 pro
1344 3434 1516 3490 nobis.
1547 3434 1804 3490 Permisit
1832 3436 1976 3490 enim
2005 3451 2064 3492 se

486 3525 699 3581 diabolo
724 3525 984 3590 saevienti,
1013 3527 1107 3582 sed
1127 3527 1451 3598 impliescio.
1477 3527 1681 3583 Putans
1710 3538 1889 3584 autem
1911 3529 2067 3585 Chri-

487 3627 628 3671 stum
655 3632 714 3671 se
742 3632 902 3686 posse
929 3617 1184 3683 retinere,
1213 3617 1376 3674 veluti
1408 3620 1615 3689 accepit
1635 3633 1787 3685 eum;
1817 3622 1910 3675 sed
1939 3621 2067 3690 quia

486 3711 741 3761 virtutem
771 3707 887 3776 ejus
913 3708 1053 3764 ferre
1090 3724 1196 3765 non
1230 3710 1438 3781 potuit,
1473 3725 1662 3766 omnes
1687 3726 1822 3780 quos
1854 3713 2068 3768 tenebat

488 3800 647 3854 simul
682 3816 805 3855 cum
840 3801 928 3856 illo
963 3802 1161 3857 amisit.

564 3890 729 3956 Quem
759 3893 1025 3962 proposuit
1053 3892 1194 3948 Deus
1221 3894 1613 3964 propitiatorem
1640 3894 1783 3962 ﬁdei.
1827 3894 1940 3950 Hoc
1987 3895 2072 3950 di-

489 3985 562 4039 cit
591 3986 716 4054 quia
743 3987 797 4040 in
821 3986 1035 4040 Christo
1068 3988 1344 4057 proposuit
1373 3989 1544 4054 Deus,
1578 3989 1630 4042 id
1665 3997 1778 4055 est,
1807 3990 2072 4059 disposuit

489 4078 782 4146 propitium
807 4093 864 4132 se
900 4077 1139 4132 futurum
1171 4079 1407 4133 humano
1439 4080 1643 4151 generi,
1674 4081 1719 4134 si
1761 4082 1966 4136 credat.
2002 4081 2071 4136 In

491 4169 745 4236 sanguine
772 4168 954 4232 ipsius.
985 4167 1106 4223 ldeo
1136 4170 1190 4224 in
1213 4169 1473 4238 sanguine
1508 4171 1676 4238 ipsius
1701 4210 1715 4235 ,
1742 4173 1867 4241 quia
1898 4179 2072 4228 morte

493 4257 611 4326 ejus
636 4259 848 4314 liberati
876 4275 1080 4324 sumus,
1108 4270 1170 4314 ut
1195 4259 1570 4314 manifestaret
1594 4261 1744 4315 illum
1773 4271 2070 4329 mortuum,

493 4355 549 4400 et
586 4357 812 4400 mortem
841 4349 1092 4418 passione
1119 4349 1234 4418 ejus
1271 4351 1572 4404 damnaret.
1613 4351 1694 4404 Ad
1731 4354 2073 4408 ostensionem

490 4436 712 4506 justitia:
734 4453 864 4505 sute,
892 4438 996 4493 hoc
1017 4448 1100 4492 est
1120 4447 1179 4492 ut
1202 4441 1525 4508 promissum
1555 4457 1710 4497 suum
1736 4441 1910 4513 palam
1933 4442 2073 4498 face-

496 4538 596 4593 ret,
626 4545 732 4600 quo
752 4544 850 4585 nos
872 4546 902 4584 a
926 4532 1160 4600 peccatis
1189 4531 1464 4598 liberaret,
1490 4535 1631 4589 sicut
1659 4545 1783 4589 ante
1809 4535 2074 4604 promise-

495 4635 608 4693 rat;
637 4627 777 4697 quod
801 4635 913 4682 tum
933 4641 1053 4682 cum
1078 4627 1337 4696 implevit,
1357 4629 1563 4699 justum
1588 4645 1646 4685 se
1663 4630 1915 4684 ostendit.
1942 4628 2077 4682 Pro-

494 4727 608 4790 pter
637 4720 960 4788 propositum
985 4719 1387 4787 prtecedentium
1413 4720 1718 4774 delictorum
1745 4722 1799 4774 in
1826 4721 2078 4790 patientia

497 4807 615 4862 Dei.
657 4808 846 4864 Sciens
891 4809 1033 4862 Deus
1066 4809 1399 4878 propositum
1438 4809 1786 4876 benignitatis
1827 4824 1937 4863 sum
1970 4823 2078 4878 quo

499 4900 706 4954 censuit
756 4899 1128 4970 peccatoribus
1179 4899 1466 4954 subvenire
1494 4940 1508 4964 ,
1549 4907 1658 4953 tam
1707 4900 1792 4954 his
1827 4900 1920 4967 qui
1957 4907 2083 4954 sunt

502 4994 641 5060 apud
680 5006 939 5061 superos,
994 5006 1157 5061 quam
1201 4991 1294 5060 qui
1350 4991 1403 5045 in
1460 4990 1671 5046 inferno
1714 4991 2033 5044 tenebantur
2059 5030 2074 5056 ,

501 5091 758 5151 utrosque
805 5082 1108 5137 diutissime
1156 5083 1512 5152 exspectavit,
1565 5097 1834 5137 evacuans
1864 5089 2080 5135 senten-

505 5173 656 5235 tiam,
682 5187 787 5241 qua
807 5174 1021 5244 justum,
1039 5174 1256 5229 videtur
1277 5189 1466 5230 omnes
1493 5174 1736 5229 damnari
1769 5191 1782 5226 :
1814 5183 1873 5227 ut
1899 5181 2080 5228 osten-

459 5279 462 5284 '
505 5264 657 5319 deret
711 5265 902 5330 nobis,
931 5265 1075 5334 quod
1109 5266 1238 5320 olim
1288 5267 1602 5327 decreverat
1649 5265 1877 5319 liberare
1909 5278 2078 5335 genus

506 5354 799 5410 humanum
821 5369 917 5423 per
937 5355 1234 5420 Christum,
1257 5355 1657 5427 sicntpromisit
1678 5369 1774 5426 per
1791 5353 2079 5409 Jeremiam

503 5446 824 5521 prophetam
857 5447 1042 5502 dicens
1090 5461 1104 5500 :
1136 5447 1406 5518 Propitius
1435 5465 1523 5502 ero
1558 5447 1919 5517 iniquitatibus
1964 5444 2083 5499 illo-

509 5557 664 5605 rum,
715 5548 765 5594 et
813 5537 1121 5616 delictorum
1171 5540 1382 5594 illorum
1426 5555 1528 5593 non
1579 5537 1907 5592 memorabor
1944 5535 2079 5607 (Jer.

512 5633 688 5708 sm).
728 5632 794 5686 Et
839 5646 907 5686 ne
955 5629 1095 5686 forte
1123 5631 1227 5687 hoc
1254 5631 1451 5686 donum
1491 5629 1621 5687 solis
1647 5617 1851 5685 ludatis
1883 5627 2084 5700 promi-

517 5730 652 5786 sisse
689 5728 998 5799 videretur,
1045 5741 1144 5801 per
1195 5729 1408 5785 Isaiam
1437 5727 1569 5785 dicit
1616 5744 1630 5783 :
1689 5725 1888 5782 Domus
1943 5739 2085 5794 mea,

2156 1901 2284 1941 suae.
2313 1886 2646 1941 Sustentatio
2674 1885 2767 1941 Dei
2794 1895 2876 1941 est
2898 1887 2984 1941 ubi
3011 1896 3268 1957 peccator
3288 1904 3395 1944 non
3421 1893 3630 1942 statim
3660 1905 3763 1958 pu-

2156 1977 2302 2030 nitur
2321 1985 2381 2030 ut
2401 1986 2614 2046 peccat,
2637 1977 2729 2031 sed
2750 1977 3043 2032 secundum
3067 1979 3209 2046 quod
3233 1977 3432 2032 ibidem
3445 1979 3765 2048 Apostolus

2157 2067 2315 2132 dixit,
2337 2082 2432 2136 per
2455 2061 2768 2136 patientiam
2791 2068 2886 2122 Dei
2907 2069 3195 2123 adducitur
3216 2069 3281 2122 ad
3311 2071 3716 2138 pamitentiam
3744 2087 3761 2122 :

2158 2158 2212 2212 in
2238 2158 2340 2212 hoc
2374 2157 2491 2212 loco
2530 2158 2813 2213 ostendere
2861 2159 3058 2212 dicitur
3098 2157 3367 2226 justitiam
3386 2174 3552 2214 suam
3587 2160 3758 2213 Deus.

2157 2249 2302 2316 Bene
2317 2258 2496 2302 autem
2523 2248 2670 2303 addit
2695 2248 2748 2302 in
2772 2248 2868 2302 hoc
2889 2259 3133 2318 tempore.
3159 2249 3446 2322 Praesentis
3475 2251 3640 2304 enim
3664 2264 3766 2305 sa

2158 2342 2261 2398 culi
2294 2350 2532 2412 tempore
2573 2342 2626 2395 in
2662 2343 3049 2396 sustentatione
3071 2350 3155 2396 est
3167 2340 3383 2408 justitia
3403 2341 3504 2396 Dei
3540 2383 3556 2406 ,
3585 2341 3758 2396 futuri

2159 2449 2287 2488 vero
2335 2435 2386 2488 in
2421 2433 2808 2498 retributione;
2860 2432 3076 2502 justum
3103 2447 3338 2501 namque
3371 2433 3519 2501 apud
3565 2433 3758 2487 Domi—

2160 2541 2288 2579 num
2319 2524 2490 2579 visum
2519 2533 2622 2589 est,
2651 2535 2706 2577 ut
2734 2523 2859 2592 quia
2888 2521 3126 2576 futurum
3175 2522 3428 2577 saeculum
3484 2524 3562 2576 ad
3611 2521 3756 2590 judi-

2161 2618 2304 2672 cium
2343 2625 2626 2681 statuerat,
2660 2630 2896 2684 praesens
2947 2613 3327 2688 sustentationi
3378 2621 3431 2668 et
3465 2613 3756 2683 patientiae

2162 2711 2474 2777 deputaret;
2509 2722 2630 2760 nam
2667 2707 2712 2758 si
2744 2705 2959 2776 puniret
3004 2704 3059 2757 in
3088 2703 3189 2758 hoc
3221 2715 3462 2774 tempore
3492 2713 3752 2773 peccato-

2162 2814 2296 2864 rcm,
2327 2797 2531 2866 justum
2557 2812 2664 2850 non
2686 2795 2958 2850 videretur
2989 2794 3180 2849 iterum
3207 2795 3272 2849 ad
3293 2794 3568 2864 judicium
3591 2807 3748 2862 quem

2162 2891 2413 2960 punierat
2455 2904 2722 2953 evocare;
2770 2887 2815 2941 si
2861 2902 2989 2941 vero
3033 2893 3296 2941 sustentet
3324 2894 3379 2940 et
3406 2887 3654 2955 patiatur
3693 2883 3746 2936 in

2162 2980 2415 3051 praesenti
2455 2979 2670 3042 szeculo,
2713 2985 2860 3032 recte
2895 2977 3007 3042 erit.
3039 2975 3218 3044 justus
3253 2975 3421 3030 Judex
3450 2976 3512 3028 in
3545 2975 3744 3028 futuro.

2165 3072 2433 3128 Justiﬁcat
2461 3086 2589 3141 ergo
2616 3086 2740 3124 eum
2799 3071 2890 3141 qui
2943 3086 3008 3124 ex
3061 3069 3164 3124 ﬁde
3219 3077 3327 3132 est,
3377 3069 3528 3122 sicut
3582 3076 3636 3120 et
3684 3064 3745 3116 de

2165 3162 2434 3215 Abraham
2466 3163 2741 3229 scriptum,
2781 3161 2905 3229 quia
2936 3158 3155 3212 credidit
3209 3157 3473 3210 Abraham
3547 3156 3656 3208 Deo
3702 3161 3744 3205 et

2166 3263 2461 3325 reputatum
2485 3262 2560 3307 est
2586 3254 2633 3306 ei
2661 3253 2728 3307 ad
2746 3253 3049 3322 justitiam;
3080 3252 3202 3320 quia
3227 3251 3271 3304 si
3299 3249 3584 3324 Abraham
3631 3260 3740 3300 cre—

2167 3343 2323 3411 didit,
2353 3359 2421 3399 ex
2450 3343 2553 3398 ﬁde
2577 3342 2904 3412 justiﬁcatus
2928 3349 3011 3396 est
3037 3360 3048 3394 :
3077 3355 3412 3419 consequens
3438 3339 3566 3392 sine
3594 3335 3743 3391 dubio

2167 3439 2270 3494 erit
2299 3479 2313 3502 ,
2349 3446 2404 3491 et
2429 3445 2489 3491 ut
2517 3452 2660 3492 nunc
2703 3437 2794 3507 qui
2842 3436 3226 3510 crediditDeo
3268 3449 3364 3504 per
3411 3433 3585 3488 ﬁdem
3629 3430 3740 3485 Jesu

2167 3527 2370 3584 Christi
2391 3526 2719 3598 justiﬁcetur
2747 3543 2869 3583 cum
2901 3528 3044 3583 ﬁdeli
3070 3528 3364 3583 Abraham.

2243 3619 2340 3673 Ubi
2370 3629 2445 3673 est
2472 3636 2592 3690 ergo
2623 3619 2866 3690 gloriatio
2889 3629 2982 3674 tua
3005 3621 3030 3673 .9
3073 3619 3303 3674 Exclusa
3329 3628 3422 3673 est.
3456 3618 3567 3674 Per
3593 3631 3737 3688 quam

2169 3711 2375 3781 legem?
2403 3708 2740 3765 Factorum?
2768 3709 2892 3764 Non
2914 3750 2928 3776 ,
2984 3709 3071 3764 sed
3107 3727 3200 3780 per
3233 3709 3394 3779 legem
3423 3711 3576 3776 ﬁdei.
3606 3706 3736 3761 Red-

2066 3855 2069 3858 .
2169 3803 2280 3857 dita
2325 3802 2536 3857 ratione
2579 3803 2647 3857 ad
2691 3818 2783 3874 eos
2827 3802 3100 3870 loquitur,
3146 3803 3236 3870 qui
3267 3809 3431 3871 agunt
3461 3802 3562 3855 sub
3594 3800 3736 3868 lege.

2170 3895 2315 3964 quod
2366 3895 2483 3948 sine
2529 3909 2690 3949 causa
2722 3895 3021 3965 gloriantur
3048 3934 3063 3958 ,
3114 3894 3450 3948 blandientes
3493 3893 3594 3948 sibi
3648 3887 3737 3944 sub

2169 3983 2308 4053 lege,
2331 3993 2388 4038 et
2411 3993 2693 4053 pr0pterea
2724 3984 2867 4052 quod
2894 3999 3062 4054 genus
3091 3983 3196 4037 sint
3224 3981 3478 4048 Abrahze,
3507 3982 3736 4037 videntes
3824 3991 3828 3996 ·

2171 4092 2278 4130 non
2299 4075 2587 4146 justiﬁcari
2615 4074 2887 4130 hominem
2917 4075 3056 4144 apud
3083 4074 3250 4129 Deum
3290 4074 3393 4128 nisi
3423 4089 3523 4142 per
3568 4073 3728 4125 ﬁdem.

2172 4169 2507 4221 Arbitrantur
2534 4168 2670 4220 enim
2709 4167 2999 4235 justiﬁcari
3026 4168 3283 4220 hominem
3323 4182 3415 4236 per
3447 4166 3607 4234 [idem
3635 4162 3731 4215 sine

2173 4258 2413 4329 cperibus
2455 4257 2601 4327 legis.
2642 4255 2908 4311 Gentilem
2954 4257 3084 4311 dicit
3135 4256 3405 4311 hominem
3455 4272 3554 4324 pro
3599 4258 3730 4307 certo

2172 4350 2381 4415 haberi,
2401 4348 2542 4418 quod
2561 4346 2888 4416 iustiﬁcetur
2913 4349 3158 4412 credens,
3183 4348 3326 4401 nulla
3353 4347 3560 4402 faciens
3585 4354 3728 4413 Opera

2175 4444 2324 4514 legis,
2365 4443 2418 4498 id
2447 4451 2558 4507 est,
2581 4443 2699 4498 sine
2720 4442 3157 4506 circumcisione,
3187 4451 3280 4495 aut
3308 4441 3621 4500 neomeniis,
3649 4443 3727 4487 aut

2177 4536 2524 4591 veneratione
2572 4536 2799 4590 sabbati.
2839 4534 3039 4609 (Aug).
3072 4533 3207 4588 Nam
3247 4541 3405 4588 erant
3445 4533 3649 4601 quidem
3681 4525 3726 4576 in

2179 4627 2296 4698 lege
2338 4627 2430 4696 qui
2467 4627 2532 4680 de
2562 4625 2812 4695 operibus
2856 4625 2988 4695 legis
3040 4624 3441 4695 gloriabantur,
3493 4635 3607 4690 qua:
3633 4615 3724 4668 for-

2181 4729 2324 4774 tasse
2359 4733 2466 4772 non
2501 4717 2820 4782 dilectione,
2849 4717 2942 4772 sed
2979 4717 3172 4769 timore
3198 4714 3486 4790 faciebant,
3517 4721 3572 4766 et
3595 4705 3720 4758 vole-

2180 4810 2310 4864 bant
2335 4823 2394 4863 se
2418 4807 2594 4876 justus
2619 4807 2808 4874 videri,
2839 4815 2895 4862 et
2922 4807 3160 4875 praeponi
3197 4804 3448 4873 gentibus
3471 4816 3585 4871 qua:
3609 4806 3721 4864 opus

2182 4900 2313 4971 legis
2337 4915 2443 4954 non
2462 4899 2725 4972 fecerant.
2757 4898 3045 4969 Apostolus
3070 4907 3249 4952 autem
3271 4895 3568 4966 przedicans
3587 4888 3721 4943 ﬁdem

2179 4989 2449 5059 gentibus,
2476 5003 2599 5042 cum
2630 5003 2725 5042 eos
2757 4989 2849 5058 qui
2877 4987 3206 5044 accedebant
3234 4986 3301 5039 ad
3342 4984 3619 5038 Dominum
3658 4973 3723 5026 νὶ-

2180 5081 2332 5136 deret
2351 5078 2676 5148 justiﬁcatos
2705 5093 2772 5133 ex
2803 5079 2907 5134 ﬁde
2928 5119 2943 5145 ,
2976 5089 3033 5132 ut
3055 5077 3170 5146 jam
3206 5076 3334 5146 quia
3365 5072 3686 5128 crediderant
3707 5099 3719 5121 .

2180 5174 2319 5227 bene
2339 5182 2716 5242 operarentur,
2739 5186 2843 5226 non
2871 5171 2997 5240 quia
3027 5170 3163 5223 bene
3193 5167 3399 5236 operati
3436 5173 3557 5220 sunt
3580 5202 3594 5224 ,
3625 5167 3721 5210 ere“

2182 5264 2310 5319 dere
2357 5271 2714 5328 mererentur,
2755 5261 3078 5316 exclamavit
3116 5273 3359 5321 securus,
3397 5266 3453 5310 et
3485 5244 3719 5315 aitztlllia

2185 5361 2364 5424 potest
2381 5352 2666 5420 justiﬁcari
2713 5353 2873 5407 homo
2899 5368 2967 5405 ex
2999 5351 3102 5405 ﬁde
3126 5391 3140 5416 ,
3187 5350 3303 5404 sine
3328 5347 3574 5417 operibus
3593 5336 3718 5406 legis.

2186 5455 2246 5500 ut
2271 5445 2344 5500 illi
2376 5446 2548 5514 magis
2582 5460 2690 5500 non
2725 5443 2924 5499 fuerint
2957 5443 3128 5512 justi,
3167 5444 3258 5513 qui
3295 5441 3437 5512 quod
3465 5435 3717 5494 faciebant.

2189 5539 2380 5592 timore
2418 5535 2708 5600 faciebant,
2740 5551 2860 5590 cum
2894 5535 3025 5590 ﬁdes
3052 5549 3150 5605 per
3184 5533 3522 5587 dilectionem
3555 5530 3718 5593 opem“

2190 5638 2279 5686 tur
2303 5631 2358 5684 in
2384 5629 2565 5692 corde,
2597 5629 2808 5682 etiamsi
2836 5627 2970 5682 foris
2995 5642 3102 5682 non
3125 5627 3238 5680 exit
3263 5640 3447 5696 opere.
3513 5653 3517 5657 -

2189 5782 2198 5790 .
2259 5723 2343 5778 An
2377 5719 2690 5778 Judteorum
2713 5728 2916 5776 tantum
2954 5719 3135 5776 Deus?
3157 5693 3346 5775 Nonne
3390 5726 3441 5773 et
3479 5693 3720 5785 gentium?
