  <div class='ocr_page' id='page_1' title='image "/cluster/home/n/w/nwhite01/storage/ocr_20150623/111/hvd.32044009716333/680.png"; bbox 0 0 4056 6336; ppageno 0'>
   <div class='ocr_carea' id='block_1_1' title="bbox 296 382 457 439">
    <p class='ocr_par' dir='ltr' id='par_1_1' title="bbox 296 382 457 439">
     <span class='ocr_line' id='line_1_1' title="bbox 296 382 457 439; baseline -0.019 0"><span class='ocrx_word' id='word_1_1' title='bbox 296 382 457 439; x_wconf 69' lang='grc'><strong>1545</strong></span> 
     </span>
    </p>
   </div>
   <div class='ocr_carea' id='block_1_2' title="bbox 847 376 3006 457">
    <p class='ocr_par' dir='ltr' id='par_1_2' title="bbox 847 376 3006 457">
     <span class='ocr_line' id='line_1_2' title="bbox 847 376 3006 457; baseline -0.006 -13"><span class='ocrx_word' id='word_1_2' title='bbox 847 384 1395 457; x_wconf 75' lang='lat' dir='ltr'><strong>ENARRATIONUM</strong></span> <span class='ocrx_word' id='word_1_3' title='bbox 1430 385 1496 441; x_wconf 65' lang='lat' dir='ltr'><strong>1N</strong></span> <span class='ocrx_word' id='word_1_4' title='bbox 1533 382 1683 441; x_wconf 84' lang='lat' dir='ltr'><strong>EPP.</strong></span> <span class='ocrx_word' id='word_1_5' title='bbox 1721 379 1929 439; x_wconf 80' lang='lat' dir='ltr'><strong>PAULI</strong></span> <span class='ocrx_word' id='word_1_6' title='bbox 1962 379 2095 441; x_wconf 76' lang='lat' dir='ltr'><strong>LIB.</strong></span> <span class='ocrx_word' id='word_1_7' title='bbox 2118 378 2308 436; x_wconf 80' lang='lat' dir='ltr'><strong>-ll..—-</strong></span> <span class='ocrx_word' id='word_1_8' title='bbox 2334 378 2406 437; x_wconf 82' lang='lat' dir='ltr'><strong>IN</strong></span> <span class='ocrx_word' id='word_1_9' title='bbox 2445 376 2667 447; x_wconf 77' lang='lat' dir='ltr'><strong>EPIST.</strong></span> <span class='ocrx_word' id='word_1_10' title='bbox 2708 376 3006 435; x_wconf 79' lang='lat' dir='ltr'><strong>ADROM.</strong></span> 
     </span>
    </p>
   </div>
   <div class='ocr_carea' id='block_1_3' title="bbox 3430 375 3568 435">
    <p class='ocr_par' dir='ltr' id='par_1_3' title="bbox 3430 375 3568 435">
     <span class='ocr_line' id='line_1_3' title="bbox 3430 375 3568 435; baseline -0.007 -4"><span class='ocrx_word' id='word_1_11' title='bbox 3430 375 3568 435; x_wconf 59' lang='grc'><strong>4546</strong></span> 
     </span>
    </p>
   </div>
   <div class='ocr_carea' id='block_1_4' title="bbox 313 484 1919 571">
    <p class='ocr_par' dir='ltr' id='par_1_4' title="bbox 313 494 1919 571">
     <span class='ocr_line' id='line_1_4' title="bbox 313 494 1919 571; baseline -0.006 -14"><span class='ocrx_word' id='word_1_12' title='bbox 313 504 421 557; x_wconf 87' lang='lat' dir='ltr'><strong>imo</strong></span> <span class='ocrx_word' id='word_1_13' title='bbox 443 508 491 555; x_wconf 87' lang='lat' dir='ltr'><strong>et</strong></span> <span class='ocrx_word' id='word_1_14' title='bbox 508 500 753 570; x_wconf 87' lang='lat' dir='ltr'><strong>gentium.</strong></span> <span class='ocrx_word' id='word_1_15' title='bbox 774 496 1010 570; x_wconf 79' lang='lat' dir='ltr'><strong>(Ambr.)</strong></span> <span class='ocrx_word' id='word_1_16' title='bbox 1026 496 1154 554; x_wconf 90' lang='lat' dir='ltr'><strong>Sine</strong></span> <span class='ocrx_word' id='word_1_17' title='bbox 1168 496 1329 571; x_wconf 86' lang='lat' dir='ltr'><strong>dubio</strong></span> <span class='ocrx_word' id='word_1_18' title='bbox 1345 495 1582 552; x_wconf 89' lang='lat' dir='ltr'><strong>omnium</strong></span> <span class='ocrx_word' id='word_1_19' title='bbox 1597 494 1741 549; x_wconf 87' lang='lat' dir='ltr'><strong>Deus</strong></span> <span class='ocrx_word' id='word_1_20' title='bbox 1750 507 1890 548; x_wconf 89' lang='lat' dir='ltr'><strong>unus</strong></span> <span class='ocrx_word' id='word_1_21' title='bbox 1916 548 1919 554; x_wconf 36' lang='grc' dir='ltr'><strong>η</strong></span> 
     </span>
    </p>
   </div>
   <div class='ocr_carea' id='block_1_5' title="bbox 2015 484 3568 571">
    <p class='ocr_par' dir='ltr' id='par_1_5' title="bbox 2015 484 3568 561">
     <span class='ocr_line' id='line_1_5' title="bbox 2015 484 3568 561; baseline -0.001 -18"><span class='ocrx_word' id='word_1_22' title='bbox 2015 496 2051 544; x_wconf 81' lang='lat' dir='ltr'><strong>:t</strong></span> <span class='ocrx_word' id='word_1_23' title='bbox 2068 488 2463 557; x_wconf 68' lang='lat' dir='ltr'><strong>convenienter</strong></span> <span class='ocrx_word' id='word_1_24' title='bbox 2476 488 2531 543; x_wconf 92' lang='lat' dir='ltr'><strong>in</strong></span> <span class='ocrx_word' id='word_1_25' title='bbox 2548 486 3008 556; x_wconf 83' lang='lat' dir='ltr'><strong>consequentibus</strong></span> <span class='ocrx_word' id='word_1_26' title='bbox 3037 484 3189 561; x_wconf 81' lang='lat' dir='ltr'><strong>ponit</strong></span> <span class='ocrx_word' id='word_1_27' title='bbox 3204 504 3231 555; x_wconf 72' lang='grc'><strong>;⁹</strong></span> <span class='ocrx_word' id='word_1_28' title='bbox 3244 484 3326 549; x_wconf 78' lang='lat' dir='ltr'><strong>An</strong></span> <span class='ocrx_word' id='word_1_29' title='bbox 3346 484 3568 553; x_wconf 62' lang='lat' dir='ltr'><strong>Iudico-</strong></span> 
     </span>
    </p>
   </div>
   <div class='ocr_carea' id='block_1_6' title="bbox 314 583 1925 658">
    <p class='ocr_par' dir='ltr' id='par_1_6' title="bbox 314 583 1925 658">
     <span class='ocr_line' id='line_1_6' title="bbox 314 583 1925 658; baseline -0.006 -11"><span class='ocrx_word' id='word_1_30' title='bbox 314 600 418 648; x_wconf 86' lang='lat' dir='ltr'><strong>est.</strong></span> <span class='ocrx_word' id='word_1_31' title='bbox 451 590 560 648; x_wconf 81' lang='lat' dir='ltr'><strong>Nec</strong></span> <span class='ocrx_word' id='word_1_32' title='bbox 579 589 722 645; x_wconf 90' lang='lat' dir='ltr'><strong>enim</strong></span> <span class='ocrx_word' id='word_1_33' title='bbox 745 589 845 645; x_wconf 82' lang='lat' dir='ltr'><strong>soli</strong></span> <span class='ocrx_word' id='word_1_34' title='bbox 867 587 1036 644; x_wconf 70' lang='grc' dir='ltr'><strong>ειυόωὶ</strong></span> <span class='ocrx_word' id='word_1_35' title='bbox 1060 595 1285 658; x_wconf 91' lang='lat' dir='ltr'><strong>possunt</strong></span> <span class='ocrx_word' id='word_1_36' title='bbox 1304 587 1409 643; x_wconf 89' lang='lat' dir='ltr'><strong>sibi</strong></span> <span class='ocrx_word' id='word_1_37' title='bbox 1428 586 1728 651; x_wconf 89' lang='lat' dir='ltr'><strong>vindicare,</strong></span> <span class='ocrx_word' id='word_1_38' title='bbox 1749 583 1893 654; x_wconf 90' lang='lat' dir='ltr'><strong>quod</strong></span> <span class='ocrx_word' id='word_1_39' title='bbox 1921 617 1925 621; x_wconf 62' lang='grc' dir='ltr'><em>η</em></span> 
     </span>
    </p>
   </div>
   <div class='ocr_carea' id='block_1_7' title="bbox 313 672 1894 752">
    <p class='ocr_par' dir='ltr' id='par_1_7' title="bbox 313 672 1894 752">
     <span class='ocr_line' id='line_1_7' title="bbox 313 672 1894 752; baseline -0.008 -11"><span class='ocrx_word' id='word_1_40' title='bbox 313 686 458 741; x_wconf 86' lang='lat' dir='ltr'><strong>Deus</strong></span> <span class='ocrx_word' id='word_1_41' title='bbox 495 683 708 739; x_wconf 78' lang='lat' dir='ltr'><strong>illorum</strong></span> <span class='ocrx_word' id='word_1_42' title='bbox 735 724 749 750; x_wconf 92' lang='lat'><strong>,</strong></span> <span class='ocrx_word' id='word_1_43' title='bbox 780 697 887 738; x_wconf 91' lang='lat' dir='ltr'><strong>non</strong></span> <span class='ocrx_word' id='word_1_44' title='bbox 919 681 1084 736; x_wconf 90' lang='lat' dir='ltr'><strong>etiam</strong></span> <span class='ocrx_word' id='word_1_45' title='bbox 1110 672 1348 752; x_wconf 87' lang='lat' dir='ltr'><strong>gentium</strong></span> <span class='ocrx_word' id='word_1_46' title='bbox 1376 678 1467 745; x_wconf 87' lang='lat' dir='ltr'><strong>sit,</strong></span> <span class='ocrx_word' id='word_1_47' title='bbox 1504 693 1626 733; x_wconf 92' lang='lat' dir='ltr'><strong>cum</strong></span> <span class='ocrx_word' id='word_1_48' title='bbox 1650 676 1894 747; x_wconf 88' lang='lat' dir='ltr'><strong>relegant</strong></span> 
     </span>
    </p>
   </div>
   <div class='ocr_carea' id='block_1_8' title="bbox 314 768 1892 844">
    <p class='ocr_par' dir='ltr' id='par_1_8' title="bbox 314 768 1892 844">
     <span class='ocr_line' id='line_1_8' title="bbox 314 768 1892 844; baseline -0.008 -9"><span class='ocrx_word' id='word_1_49' title='bbox 314 781 385 835; x_wconf 86' lang='lat' dir='ltr'><strong>ab</strong></span> <span class='ocrx_word' id='word_1_50' title='bbox 410 794 519 833; x_wconf 91' lang='lat' dir='ltr'><strong>uno</strong></span> <span class='ocrx_word' id='word_1_51' title='bbox 537 778 708 833; x_wconf 85' lang='lat' dir='ltr'><strong>Adam</strong></span> <span class='ocrx_word' id='word_1_52' title='bbox 730 777 970 832; x_wconf 87' lang='lat' dir='ltr'><strong>omnium</strong></span> <span class='ocrx_word' id='word_1_53' title='bbox 993 790 1113 831; x_wconf 84' lang='lat' dir='ltr'><strong>esse</strong></span> <span class='ocrx_word' id='word_1_54' title='bbox 1131 774 1418 844; x_wconf 78' lang='lat' dir='ltr'><strong>originem,</strong></span> <span class='ocrx_word' id='word_1_55' title='bbox 1457 779 1513 826; x_wconf 90' lang='lat' dir='ltr'><strong>et</strong></span> <span class='ocrx_word' id='word_1_56' title='bbox 1550 770 1753 826; x_wconf 92' lang='lat' dir='ltr'><strong>nullum</strong></span> <span class='ocrx_word' id='word_1_57' title='bbox 1794 768 1892 823; x_wconf 83' lang='lat' dir='ltr'><strong>ad-</strong></span> 
     </span>
    </p>
   </div>
   <div class='ocr_carea' id='block_1_9' title="bbox 315 859 1903 938">
    <p class='ocr_par' dir='ltr' id='par_1_9' title="bbox 315 859 1903 938">
     <span class='ocr_line' id='line_1_9' title="bbox 315 859 1903 938; baseline -0.006 -14"><span class='ocrx_word' id='word_1_58' title='bbox 315 886 511 926; x_wconf 82' lang='lat' dir='ltr'><strong>venam</strong></span> <span class='ocrx_word' id='word_1_59' title='bbox 540 870 810 926; x_wconf 90' lang='lat' dir='ltr'><strong>volentem</strong></span> <span class='ocrx_word' id='word_1_60' title='bbox 847 866 915 921; x_wconf 94' lang='lat' dir='ltr'><strong>ad</strong></span> <span class='ocrx_word' id='word_1_61' title='bbox 938 866 1113 938; x_wconf 80' lang='lat' dir='ltr'><strong>legem</strong></span> <span class='ocrx_word' id='word_1_62' title='bbox 1141 864 1401 922; x_wconf 84' lang='lat' dir='ltr'><strong>accedere</strong></span> <span class='ocrx_word' id='word_1_63' title='bbox 1418 904 1434 930; x_wconf 90' lang='lat'><strong>,</strong></span> <span class='ocrx_word' id='word_1_64' title='bbox 1459 860 1755 933; x_wconf 82' lang='lat' dir='ltr'><strong>prohiberi.</strong></span> <span class='ocrx_word' id='word_1_65' title='bbox 1791 859 1903 915; x_wconf 67' lang='lat' dir='ltr'><strong>De-r</strong></span> 
     </span>
    </p>
   </div>
   <div class='ocr_carea' id='block_1_10' title="bbox 314 950 1895 1031">
    <p class='ocr_par' dir='ltr' id='par_1_10' title="bbox 314 950 1895 1031">
     <span class='ocr_line' id='line_1_10' title="bbox 314 950 1895 1031; baseline -0.008 -15"><span class='ocrx_word' id='word_1_66' title='bbox 314 960 478 1031; x_wconf 83' lang='lat' dir='ltr'><strong>nique</strong></span> <span class='ocrx_word' id='word_1_67' title='bbox 525 958 784 1029; x_wconf 74' lang='lat' dir='ltr'><strong>aliquanti</strong></span> <span class='ocrx_word' id='word_1_68' title='bbox 826 956 1078 1012; x_wconf 75' lang='lat' dir='ltr'><strong>exierunt</strong></span> <span class='ocrx_word' id='word_1_69' title='bbox 1119 971 1241 1010; x_wconf 90' lang='lat' dir='ltr'><strong>cum</strong></span> <span class='ocrx_word' id='word_1_70' title='bbox 1294 953 1399 1010; x_wconf 87' lang='lat' dir='ltr'><strong>illis</strong></span> <span class='ocrx_word' id='word_1_71' title='bbox 1442 954 1498 1009; x_wconf 92' lang='lat' dir='ltr'><strong>in</strong></span> <span class='ocrx_word' id='word_1_72' title='bbox 1544 965 1789 1007; x_wconf 90' lang='lat' dir='ltr'><strong>eremum</strong></span> <span class='ocrx_word' id='word_1_73' title='bbox 1828 950 1895 1004; x_wconf 92' lang='lat' dir='ltr'><strong>de</strong></span> 
     </span>
    </p>
   </div>
   <div class='ocr_carea' id='block_1_11' title="bbox 314 1040 1894 1122">
    <p class='ocr_par' dir='ltr' id='par_1_11' title="bbox 314 1040 1894 1122">
     <span class='ocr_line' id='line_1_11' title="bbox 314 1040 1894 1122; baseline -0.008 -16"><span class='ocrx_word' id='word_1_74' title='bbox 314 1049 583 1122; x_wconf 71' lang='lat' dir='ltr'><strong>Egyptiis</strong></span> <span class='ocrx_word' id='word_1_75' title='bbox 606 1090 622 1115; x_wconf 93' lang='lat'><strong>,</strong></span> <span class='ocrx_word' id='word_1_76' title='bbox 654 1062 789 1118; x_wconf 91' lang='lat' dir='ltr'><strong>quos</strong></span> <span class='ocrx_word' id='word_1_77' title='bbox 828 1048 1103 1117; x_wconf 83' lang='lat' dir='ltr'><strong>suscipere</strong></span> <span class='ocrx_word' id='word_1_78' title='bbox 1137 1046 1397 1118; x_wconf 91' lang='lat' dir='ltr'><strong>jubentur</strong></span> <span class='ocrx_word' id='word_1_79' title='bbox 1418 1084 1433 1108; x_wconf 91' lang='lat'><strong>,</strong></span> <span class='ocrx_word' id='word_1_80' title='bbox 1452 1051 1673 1098; x_wconf 84' lang='lat' dir='ltr'><strong>tantum</strong></span> <span class='ocrx_word' id='word_1_81' title='bbox 1702 1049 1763 1095; x_wconf 89' lang='lat' dir='ltr'><strong>ut</strong></span> <span class='ocrx_word' id='word_1_82' title='bbox 1789 1040 1894 1105; x_wconf 84' lang='lat' dir='ltr'><strong>cir-</strong></span> 
     </span>
    </p>
   </div>
   <div class='ocr_carea' id='block_1_12' title="bbox 316 1130 1894 1209">
    <p class='ocr_par' dir='ltr' id='par_1_12' title="bbox 316 1130 1894 1209">
     <span class='ocr_line' id='line_1_12' title="bbox 316 1130 1894 1209; baseline -0.009 -11"><span class='ocrx_word' id='word_1_83' title='bbox 316 1141 772 1204; x_wconf 88' lang='lat' dir='ltr'><strong>cumciderentur,</strong></span> <span class='ocrx_word' id='word_1_84' title='bbox 790 1148 848 1194; x_wconf 91' lang='lat' dir='ltr'><strong>et</strong></span> <span class='ocrx_word' id='word_1_85' title='bbox 866 1139 1070 1209; x_wconf 88' lang='lat' dir='ltr'><strong>pariter</strong></span> <span class='ocrx_word' id='word_1_86' title='bbox 1081 1152 1204 1193; x_wconf 91' lang='lat' dir='ltr'><strong>cum</strong></span> <span class='ocrx_word' id='word_1_87' title='bbox 1229 1136 1332 1191; x_wconf 91' lang='lat' dir='ltr'><strong>illis</strong></span> <span class='ocrx_word' id='word_1_88' title='bbox 1346 1136 1570 1191; x_wconf 80' lang='lat' dir='ltr'><strong>ederent.</strong></span> <span class='ocrx_word' id='word_1_89' title='bbox 1597 1147 1785 1204; x_wconf 80' lang='lat' dir='ltr'><strong>azyma</strong></span> <span class='ocrx_word' id='word_1_90' title='bbox 1809 1130 1894 1186; x_wconf 85' lang='lat' dir='ltr'><strong>vel</strong></span> 
     </span>
    </p>
   </div>
   <div class='ocr_carea' id='block_1_13' title="bbox 314 1222 1896 1303">
    <p class='ocr_par' dir='ltr' id='par_1_13' title="bbox 314 1222 1896 1303">
     <span class='ocr_line' id='line_1_13' title="bbox 314 1222 1896 1303; baseline -0.006 -16"><span class='ocrx_word' id='word_1_91' title='bbox 314 1233 539 1303; x_wconf 83' lang='lat' dir='ltr'><strong>pascha,</strong></span> <span class='ocrx_word' id='word_1_92' title='bbox 576 1245 676 1285; x_wconf 88' lang='lat' dir='ltr'><strong>nec</strong></span> <span class='ocrx_word' id='word_1_93' title='bbox 708 1244 815 1285; x_wconf 90' lang='lat' dir='ltr'><strong>non</strong></span> <span class='ocrx_word' id='word_1_94' title='bbox 845 1238 900 1284; x_wconf 90' lang='lat' dir='ltr'><strong>et</strong></span> <span class='ocrx_word' id='word_1_95' title='bbox 924 1227 1233 1285; x_wconf 89' lang='lat' dir='ltr'><strong>Cornelium</strong></span> <span class='ocrx_word' id='word_1_96' title='bbox 1261 1226 1461 1283; x_wconf 90' lang='lat' dir='ltr'><strong>donum</strong></span> <span class='ocrx_word' id='word_1_97' title='bbox 1491 1225 1586 1280; x_wconf 88' lang='lat' dir='ltr'><strong>Dei</strong></span> <span class='ocrx_word' id='word_1_98' title='bbox 1623 1222 1896 1292; x_wconf 89' lang='lat' dir='ltr'><strong>accepisse</strong></span> 
     </span>
    </p>
   </div>
   <div class='ocr_carea' id='block_1_14' title="bbox 314 1311 1898 1395">
    <p class='ocr_par' dir='ltr' id='par_1_14' title="bbox 314 1311 1898 1395">
     <span class='ocr_line' id='line_1_14' title="bbox 314 1311 1898 1395; baseline -0.006 -16"><span class='ocrx_word' id='word_1_99' title='bbox 314 1324 568 1395; x_wconf 88' lang='lat' dir='ltr'><strong>gentilem</strong></span> <span class='ocrx_word' id='word_1_100' title='bbox 592 1321 846 1395; x_wconf 64' lang='lat' dir='ltr'><strong>‘(Act.&#39;x)</strong></span> <span class='ocrx_word' id='word_1_101' title='bbox 887 1337 995 1377; x_wconf 91' lang='lat' dir='ltr'><strong>non</strong></span> <span class='ocrx_word' id='word_1_102' title='bbox 1036 1321 1423 1393; x_wconf 85' lang='lat' dir='ltr'><strong>judaizantem,</strong></span> <span class='ocrx_word' id='word_1_103' title='bbox 1457 1311 1511 1374; x_wconf 87' lang='lat' dir='ltr'><strong>et</strong></span> <span class='ocrx_word' id='word_1_104' title='bbox 1549 1318 1691 1389; x_wconf 91' lang='lat' dir='ltr'><strong>quod</strong></span> <span class='ocrx_word' id='word_1_105' title='bbox 1735 1315 1898 1386; x_wconf 90' lang='lat' dir='ltr'><strong>justi-</strong></span> 
     </span>
    </p>
   </div>
   <div class='ocr_carea' id='block_1_15' title="bbox 314 1408 1899 1481">
    <p class='ocr_par' dir='ltr' id='par_1_15' title="bbox 314 1408 1899 1481">
     <span class='ocr_line' id='line_1_15' title="bbox 314 1408 1899 1481; baseline -0.005 -10"><span class='ocrx_word' id='word_1_106' title='bbox 314 1416 509 1471; x_wconf 89' lang='lat' dir='ltr'><strong>ﬁcatus</strong></span> <span class='ocrx_word' id='word_1_107' title='bbox 554 1413 627 1469; x_wconf 88' lang='lat' dir='ltr'><strong>sit</strong></span> <span class='ocrx_word' id='word_1_108' title='bbox 675 1413 855 1468; x_wconf 90' lang='lat' dir='ltr'><strong>divino</strong></span> <span class='ocrx_word' id='word_1_109' title='bbox 903 1413 1209 1470; x_wconf 90' lang='lat' dir='ltr'><strong>testimonio</strong></span> <span class='ocrx_word' id='word_1_110' title='bbox 1257 1410 1664 1481; x_wconf 89' lang='lat' dir='ltr'><strong>comprobatum</strong></span> <span class='ocrx_word' id='word_1_111' title='bbox 1690 1449 1706 1475; x_wconf 94' lang='lat'><strong>,</strong></span> <span class='ocrx_word' id='word_1_112' title='bbox 1758 1408 1899 1464; x_wconf 83' lang='lat' dir='ltr'><strong>sicut</strong></span> 
     </span>
    </p>
   </div>
   <div class='ocr_carea' id='block_1_16' title="bbox 317 1504 1897 1580">
    <p class='ocr_par' dir='ltr' id='par_1_16' title="bbox 317 1504 1897 1580">
     <span class='ocr_line' id='line_1_16' title="bbox 317 1504 1897 1580; baseline -0.005 -15"><span class='ocrx_word' id='word_1_113' title='bbox 317 1511 371 1565; x_wconf 93' lang='lat' dir='ltr'><strong>in</strong></span> <span class='ocrx_word' id='word_1_114' title='bbox 398 1510 627 1566; x_wconf 86' lang='lat' dir='ltr'><strong>Psalmis</strong></span> <span class='ocrx_word' id='word_1_115' title='bbox 653 1509 913 1580; x_wconf 90' lang='lat' dir='ltr'><strong>scriptum</strong></span> <span class='ocrx_word' id='word_1_116' title='bbox 948 1516 1034 1563; x_wconf 88' lang='lat' dir='ltr'><strong>est</strong></span> <span class='ocrx_word' id='word_1_117' title='bbox 1077 1525 1089 1561; x_wconf 91' lang='lat'><strong>:</strong></span> <span class='ocrx_word' id='word_1_118' title='bbox 1131 1504 1284 1560; x_wconf 82' lang='lat' dir='ltr'><strong>Viam</strong></span> <span class='ocrx_word' id='word_1_119' title='bbox 1316 1505 1606 1575; x_wconf 74' lang='lat' dir='ltr'><strong>iniquitatis</strong></span> <span class='ocrx_word' id='word_1_120' title='bbox 1646 1520 1833 1559; x_wconf 82' lang='lat' dir='ltr'><strong>amove</strong></span> <span class='ocrx_word' id='word_1_121' title='bbox 1862 1520 1897 1557; x_wconf 90' lang='lat' dir='ltr'><strong>a</strong></span> 
     </span>
    </p>
   </div>
   <div class='ocr_carea' id='block_1_17' title="bbox 316 1593 1894 1673">
    <p class='ocr_par' dir='ltr' id='par_1_17' title="bbox 316 1593 1894 1673">
     <span class='ocr_line' id='line_1_17' title="bbox 316 1593 1894 1673; baseline -0.006 -16"><span class='ocrx_word' id='word_1_122' title='bbox 316 1619 399 1657; x_wconf 90' lang='lat' dir='ltr'><strong>me</strong></span> <span class='ocrx_word' id='word_1_123' title='bbox 421 1600 440 1673; x_wconf 90' lang='lat'><strong>(</strong></span> <span class='ocrx_word' id='word_1_124' title='bbox 463 1598 612 1655; x_wconf 87' lang='lat' dir='ltr'><strong>Psal.</strong></span> <span class='ocrx_word' id='word_1_125' title='bbox 642 1616 809 1656; x_wconf 83' lang='lat' dir='ltr'><strong>cxvm</strong></span> <span class='ocrx_word' id='word_1_126' title='bbox 831 1598 881 1672; x_wconf 92' lang='lat'><strong>);</strong></span> <span class='ocrx_word' id='word_1_127' title='bbox 913 1608 968 1654; x_wconf 91' lang='lat' dir='ltr'><strong>et</strong></span> <span class='ocrx_word' id='word_1_128' title='bbox 986 1598 1113 1670; x_wconf 87' lang='lat' dir='ltr'><strong>quia</strong></span> <span class='ocrx_word' id='word_1_129' title='bbox 1134 1598 1220 1653; x_wconf 92' lang='lat' dir='ltr'><strong>lex</strong></span> <span class='ocrx_word' id='word_1_130' title='bbox 1246 1596 1513 1653; x_wconf 89' lang='lat' dir='ltr'><strong>factorum</strong></span> <span class='ocrx_word' id='word_1_131' title='bbox 1552 1593 1894 1659; x_wconf 89' lang='lat' dir='ltr'><strong>subintravit,</strong></span> 
     </span>
    </p>
   </div>
   <div class='ocr_carea' id='block_1_18' title="bbox 316 1686 1919 1760">
    <p class='ocr_par' dir='ltr' id='par_1_18' title="bbox 316 1686 1919 1760">
     <span class='ocr_line' id='line_1_18' title="bbox 316 1686 1919 1760; baseline -0.004 -11"><span class='ocrx_word' id='word_1_132' title='bbox 316 1703 379 1749; x_wconf 90' lang='lat' dir='ltr'><strong>ut</strong></span> <span class='ocrx_word' id='word_1_133' title='bbox 408 1694 709 1750; x_wconf 82' lang='lat' dir='ltr'><strong>abundaret</strong></span> <span class='ocrx_word' id='word_1_134' title='bbox 733 1692 1007 1755; x_wconf 89' lang='lat' dir='ltr'><strong>delictum,</strong></span> <span class='ocrx_word' id='word_1_135' title='bbox 1039 1690 1303 1760; x_wconf 83' lang='lat' dir='ltr'><strong>sequitur,</strong></span> <span class='ocrx_word' id='word_1_136' title='bbox 1327 1696 1383 1744; x_wconf 88' lang='lat' dir='ltr'><strong>et</strong></span> <span class='ocrx_word' id='word_1_137' title='bbox 1407 1688 1537 1743; x_wconf 90' lang='lat' dir='ltr'><strong>dicit</strong></span> <span class='ocrx_word' id='word_1_138' title='bbox 1563 1706 1576 1742; x_wconf 91' lang='lat'><strong>:</strong></span> <span class='ocrx_word' id='word_1_139' title='bbox 1609 1687 1677 1741; x_wconf 85' lang='lat' dir='ltr'><strong>Et</strong></span> <span class='ocrx_word' id='word_1_140' title='bbox 1705 1687 1769 1740; x_wconf 90' lang='lat' dir='ltr'><strong>de</strong></span> <span class='ocrx_word' id='word_1_141' title='bbox 1788 1686 1919 1756; x_wconf 86' lang='lat' dir='ltr'><strong>lege-</strong></span> 
     </span>
    </p>
   </div>
   <div class='ocr_carea' id='block_1_19' title="bbox 317 1778 1893 1851">
    <p class='ocr_par' dir='ltr' id='par_1_19' title="bbox 317 1778 1893 1851">
     <span class='ocr_line' id='line_1_19' title="bbox 317 1778 1893 1851; baseline -0.002 -15"><span class='ocrx_word' id='word_1_142' title='bbox 317 1792 411 1837; x_wconf 85' lang='lat' dir='ltr'><strong>tua</strong></span> <span class='ocrx_word' id='word_1_143' title='bbox 449 1783 693 1837; x_wconf 76' lang='lat' dir='ltr'><strong>miserere</strong></span> <span class='ocrx_word' id='word_1_144' title='bbox 739 1784 861 1836; x_wconf 84' lang='lat' dir='ltr'><strong>mei.</strong></span> <span class='ocrx_word' id='word_1_145' title='bbox 919 1781 1034 1849; x_wconf 92' lang='lat' dir='ltr'><strong>Qua</strong></span> <span class='ocrx_word' id='word_1_146' title='bbox 1091 1780 1207 1851; x_wconf 84' lang='lat' dir='ltr'><strong>lege</strong></span> <span class='ocrx_word' id='word_1_147' title='bbox 1250 1780 1354 1836; x_wconf 90' lang='lat' dir='ltr'><strong>nisi</strong></span> <span class='ocrx_word' id='word_1_148' title='bbox 1402 1780 1518 1850; x_wconf 88' lang='lat' dir='ltr'><strong>lege</strong></span> <span class='ocrx_word' id='word_1_149' title='bbox 1558 1778 1718 1834; x_wconf 88' lang='lat' dir='ltr'><strong>ﬁdei?</strong></span> <span class='ocrx_word' id='word_1_150' title='bbox 1753 1778 1893 1834; x_wconf 83' lang='lat' dir='ltr'><strong>Audi</strong></span> 
     </span>
    </p>
   </div>
   <div class='ocr_carea' id='block_1_20' title="bbox 1993 574 3567 648">
    <p class='ocr_par' dir='ltr' id='par_1_20' title="bbox 1993 574 3567 648">
     <span class='ocr_line' id='line_1_20' title="bbox 1993 574 3567 648; baseline -0.001 -13"><span class='ocrx_word' id='word_1_151' title='bbox 1993 596 2111 635; x_wconf 87' lang='lat' dir='ltr'><strong>rum</strong></span> <span class='ocrx_word' id='word_1_152' title='bbox 2129 580 2272 634; x_wconf 83' lang='lat' dir='ltr'><strong>Deus</strong></span> <span class='ocrx_word' id='word_1_153' title='bbox 2288 589 2492 633; x_wconf 87' lang='lat' dir='ltr'><strong>tantum</strong></span> <span class='ocrx_word' id='word_1_154' title='bbox 2505 580 2531 634; x_wconf 70' lang='grc' dir='ltr'><em>ν</em></span> <span class='ocrx_word' id='word_1_155' title='bbox 2546 578 2738 634; x_wconf 83' lang='lat' dir='ltr'><strong>Nonne</strong></span> <span class='ocrx_word' id='word_1_156' title='bbox 2758 587 2806 632; x_wconf 91' lang='lat' dir='ltr'><strong>et</strong></span> <span class='ocrx_word' id='word_1_157' title='bbox 2828 577 3057 648; x_wconf 81' lang='lat' dir='ltr'><strong>gentium</strong></span> <span class='ocrx_word' id='word_1_158' title='bbox 3070 578 3095 630; x_wconf 83' lang='lat'><strong><em>?</em></strong></span> <span class='ocrx_word' id='word_1_159' title='bbox 3119 574 3146 630; x_wconf 90' lang='grc'><em>1</em></span> <span class='ocrx_word' id='word_1_160' title='bbox 3154 593 3239 631; x_wconf 84' lang='lat' dir='ltr'><strong>mo.</strong></span> <span class='ocrx_word' id='word_1_161' title='bbox 3255 586 3303 631; x_wconf 85' lang='lat' dir='ltr'><strong>et</strong></span> <span class='ocrx_word' id='word_1_162' title='bbox 3318 578 3567 647; x_wconf 85' lang='lat' dir='ltr'><strong>gentium.</strong></span> 
     </span>
    </p>
   </div>
   <div class='ocr_carea' id='block_1_21' title="bbox 1995 651 3572 740">
    <p class='ocr_par' dir='ltr' id='par_1_21' title="bbox 1995 651 3572 740">
     <span class='ocr_line' id='line_1_21' title="bbox 1995 651 3572 740; baseline -0.003 -16"><span class='ocrx_word' id='word_1_163' title='bbox 1995 670 2259 736; x_wconf 81' lang='lat' dir='ltr'><strong>Quoniam</strong></span> <span class='ocrx_word' id='word_1_164' title='bbox 2312 669 2523 740; x_wconf 79' lang='lat' dir='ltr'><strong>quidem</strong></span> <span class='ocrx_word' id='word_1_165' title='bbox 2575 685 2710 723; x_wconf 87' lang='lat' dir='ltr'><strong>unus</strong></span> <span class='ocrx_word' id='word_1_166' title='bbox 2760 666 2898 722; x_wconf 88' lang='lat' dir='ltr'><strong>Deus</strong></span> <span class='ocrx_word' id='word_1_167' title='bbox 2923 706 2940 734; x_wconf 94' lang='lat'><strong>,</strong></span> <span class='ocrx_word' id='word_1_168' title='bbox 2983 667 3093 738; x_wconf 65' lang='lat' dir='ltr'><strong>qui~</strong></span> <span class='ocrx_word' id='word_1_169' title='bbox 3110 666 3420 735; x_wconf 69' lang='lat' dir='ltr'><strong>justi/ienuit</strong></span> <span class='ocrx_word' id='word_1_170' title='bbox 3469 651 3572 721; x_wconf 82' lang='lat' dir='ltr'><strong>cir-</strong></span> 
     </span>
    </p>
   </div>
   <div class='ocr_carea' id='block_1_22' title="bbox 1995 757 3572 832">
    <p class='ocr_par' dir='ltr' id='par_1_22' title="bbox 1995 757 3572 832">
     <span class='ocr_line' id='line_1_22' title="bbox 1995 757 3572 832; baseline -0.003 -16"><span class='ocrx_word' id='word_1_171' title='bbox 1995 762 2364 816; x_wconf 82' lang='lat' dir='ltr'><strong>eumcisionem</strong></span> <span class='ocrx_word' id='word_1_172' title='bbox 2390 778 2454 815; x_wconf 79' lang='lat' dir='ltr'><strong>ea:</strong></span> <span class='ocrx_word' id='word_1_173' title='bbox 2474 761 2595 832; x_wconf 91' lang='lat' dir='ltr'><strong>ﬁde,</strong></span> <span class='ocrx_word' id='word_1_174' title='bbox 2624 770 2671 816; x_wconf 87' lang='lat' dir='ltr'><strong>et</strong></span> <span class='ocrx_word' id='word_1_175' title='bbox 2692 759 3007 831; x_wconf 75' lang='lat' dir='ltr'><strong>prreputium</strong></span> <span class='ocrx_word' id='word_1_176' title='bbox 3032 774 3125 829; x_wconf 79' lang='lat' dir='ltr'><strong>per</strong></span> <span class='ocrx_word' id='word_1_177' title='bbox 3142 757 3320 826; x_wconf 89' lang='lat' dir='ltr'><strong>ﬁdem.</strong></span> <span class='ocrx_word' id='word_1_178' title='bbox 3337 757 3572 829; x_wconf 82' lang='lat' dir='ltr'><strong>lAmbr.)</strong></span> 
     </span>
    </p>
   </div>
   <div class='ocr_carea' id='block_1_23' title="bbox 1992 848 3575 927">
    <p class='ocr_par' dir='ltr' id='par_1_23' title="bbox 1992 848 3575 927">
     <span class='ocr_line' id='line_1_23' title="bbox 1992 848 3575 927; baseline -0.004 -18"><span class='ocrx_word' id='word_1_179' title='bbox 1992 852 2054 909; x_wconf 84' lang='lat' dir='ltr'><strong>In</strong></span> <span class='ocrx_word' id='word_1_180' title='bbox 2079 852 2489 909; x_wconf 87' lang='lat' dir='ltr'><strong>circumcisione</strong></span> <span class='ocrx_word' id='word_1_181' title='bbox 2512 850 2726 906; x_wconf 75' lang='lat' dir='ltr'><strong>Judzeos</strong></span> <span class='ocrx_word' id='word_1_182' title='bbox 2756 849 3027 922; x_wconf 78' lang='lat' dir='ltr'><strong>signiﬁcat</strong></span> <span class='ocrx_word' id='word_1_183' title='bbox 3064 864 3131 905; x_wconf 90' lang='lat' dir='ltr'><strong>eo</strong></span> <span class='ocrx_word' id='word_1_184' title='bbox 3168 850 3312 927; x_wconf 83' lang='lat' dir='ltr'><strong>quod</strong></span> <span class='ocrx_word' id='word_1_185' title='bbox 3353 862 3420 903; x_wconf 80' lang='lat' dir='ltr'><strong>ex</strong></span> <span class='ocrx_word' id='word_1_186' title='bbox 3468 848 3575 903; x_wconf 90' lang='lat' dir='ltr'><strong>ﬁde</strong></span> 
     </span>
    </p>
   </div>
   <div class='ocr_carea' id='block_1_24' title="bbox 1994 940 3576 1015">
    <p class='ocr_par' dir='ltr' id='par_1_24' title="bbox 1994 940 3576 1015">
     <span class='ocr_line' id='line_1_24' title="bbox 1994 940 3576 1015; baseline -0.002 -17"><span class='ocrx_word' id='word_1_187' title='bbox 1994 942 2372 1015; x_wconf 87' lang='lat' dir='ltr'><strong>promissionis</strong></span> <span class='ocrx_word' id='word_1_188' title='bbox 2414 940 2696 1012; x_wconf 77' lang='lat' dir='ltr'><strong>justiﬁcati</strong></span> <span class='ocrx_word' id='word_1_189' title='bbox 2736 949 2880 1005; x_wconf 87' lang='lat' dir='ltr'><strong>sunt,</strong></span> <span class='ocrx_word' id='word_1_190' title='bbox 2934 940 3218 997; x_wconf 90' lang='lat' dir='ltr'><strong>credentes</strong></span> <span class='ocrx_word' id='word_1_191' title='bbox 3265 951 3408 994; x_wconf 89' lang='lat' dir='ltr'><strong>nunc</strong></span> <span class='ocrx_word' id='word_1_192' title='bbox 3452 952 3576 997; x_wconf 76' lang='lat' dir='ltr'><strong>esse</strong></span> 
     </span>
    </p>
   </div>
   <div class='ocr_carea' id='block_1_25' title="bbox 1995 1031 3575 1103">
    <p class='ocr_par' dir='ltr' id='par_1_25' title="bbox 1995 1031 3575 1103">
     <span class='ocr_line' id='line_1_25' title="bbox 1995 1031 3575 1103; baseline -0.003 -14"><span class='ocrx_word' id='word_1_193' title='bbox 1995 1034 2293 1099; x_wconf 90' lang='lat' dir='ltr'><strong>Christum,</strong></span> <span class='ocrx_word' id='word_1_194' title='bbox 2321 1032 2570 1103; x_wconf 51' lang='lat' dir='ltr'><strong>quem&#39;in</strong></span> <span class='ocrx_word' id='word_1_195' title='bbox 2604 1032 2722 1102; x_wconf 91' lang='lat' dir='ltr'><strong>lege</strong></span> <span class='ocrx_word' id='word_1_196' title='bbox 2768 1031 3098 1101; x_wconf 87' lang='lat' dir='ltr'><strong>promiserat</strong></span> <span class='ocrx_word' id='word_1_197' title='bbox 3136 1031 3316 1097; x_wconf 86' lang='lat' dir='ltr'><strong>Deus;</strong></span> <span class='ocrx_word' id='word_1_198' title='bbox 3351 1031 3406 1084; x_wconf 92' lang='lat' dir='ltr'><strong>in</strong></span> <span class='ocrx_word' id='word_1_199' title='bbox 3434 1046 3575 1101; x_wconf 83' lang='lat' dir='ltr'><strong>prae-</strong></span> 
     </span>
    </p>
   </div>
   <div class='ocr_carea' id='block_1_26' title="bbox 1995 1116 3575 1196">
    <p class='ocr_par' dir='ltr' id='par_1_26' title="bbox 1995 1116 3575 1196">
     <span class='ocr_line' id='line_1_26' title="bbox 1995 1116 3575 1196; baseline -0.001 -18"><span class='ocrx_word' id='word_1_200' title='bbox 1995 1124 2149 1196; x_wconf 90' lang='lat' dir='ltr'><strong>putio</strong></span> <span class='ocrx_word' id='word_1_201' title='bbox 2178 1138 2307 1179; x_wconf 86' lang='lat' dir='ltr'><strong>vero</strong></span> <span class='ocrx_word' id='word_1_202' title='bbox 2343 1131 2532 1196; x_wconf 89' lang='lat' dir='ltr'><strong>gentes</strong></span> <span class='ocrx_word' id='word_1_203' title='bbox 2556 1121 2824 1192; x_wconf 86' lang='lat' dir='ltr'><strong>signiﬁcat</strong></span> <span class='ocrx_word' id='word_1_204' title='bbox 2848 1137 2946 1192; x_wconf 88' lang='lat' dir='ltr'><strong>per</strong></span> <span class='ocrx_word' id='word_1_205' title='bbox 2977 1116 3135 1176; x_wconf 91' lang='lat' dir='ltr'><strong>ﬁdem</strong></span> <span class='ocrx_word' id='word_1_206' title='bbox 3167 1121 3371 1177; x_wconf 84' lang='lat' dir='ltr'><strong>Christi</strong></span> <span class='ocrx_word' id='word_1_207' title='bbox 3416 1119 3575 1189; x_wconf 85' lang='lat' dir='ltr'><strong>justi-</strong></span> 
     </span>
    </p>
   </div>
   <div class='ocr_carea' id='block_1_27' title="bbox 1985 1198 3578 1297">
    <p class='ocr_par' dir='ltr' id='par_1_27' title="bbox 1985 1198 3578 1297">
     <span class='ocr_line' id='line_1_27' title="bbox 1985 1198 3578 1297; baseline -0.003 -26"><span class='ocrx_word' id='word_1_208' title='bbox 1985 1214 2187 1297; x_wconf 81' lang='lat' dir='ltr'><strong>ﬁcatos</strong></span> <span class='ocrx_word' id='word_1_209' title='bbox 2215 1214 2356 1285; x_wconf 91' lang='lat' dir='ltr'><strong>apud</strong></span> <span class='ocrx_word' id='word_1_210' title='bbox 2380 1213 2552 1268; x_wconf 90' lang='lat' dir='ltr'><strong>Deum</strong></span> <span class='ocrx_word' id='word_1_211' title='bbox 2577 1226 2591 1265; x_wconf 91' lang='lat'><strong>:</strong></span> <span class='ocrx_word' id='word_1_212' title='bbox 2618 1221 2728 1266; x_wconf 86' lang='lat' dir='ltr'><strong>tam</strong></span> <span class='ocrx_word' id='word_1_213' title='bbox 2749 1211 2894 1266; x_wconf 88' lang='lat' dir='ltr'><strong>enim</strong></span> <span class='ocrx_word' id='word_1_214' title='bbox 2923 1198 3151 1282; x_wconf 83' lang='lat' dir='ltr'><strong>gentiles</strong></span> <span class='ocrx_word' id='word_1_215' title='bbox 3174 1226 3336 1280; x_wconf 91' lang='lat' dir='ltr'><strong>quam</strong></span> <span class='ocrx_word' id='word_1_216' title='bbox 3361 1209 3578 1267; x_wconf 72' lang='lat' dir='ltr'><strong>Iudaeos</strong></span> 
     </span>
    </p>
   </div>
   <div class='ocr_carea' id='block_1_28' title="bbox 1996 1299 3580 1372">
    <p class='ocr_par' dir='ltr' id='par_1_28' title="bbox 1996 1299 3580 1372">
     <span class='ocr_line' id='line_1_28' title="bbox 1996 1299 3580 1372; baseline -0.003 -13"><span class='ocrx_word' id='word_1_217' title='bbox 1996 1319 2106 1359; x_wconf 84' lang='lat' dir='ltr'><strong>non</strong></span> <span class='ocrx_word' id='word_1_218' title='bbox 2136 1303 2294 1358; x_wconf 89' lang='lat' dir='ltr'><strong>aliter</strong></span> <span class='ocrx_word' id='word_1_219' title='bbox 2321 1316 2483 1372; x_wconf 89' lang='lat' dir='ltr'><strong>quam</strong></span> <span class='ocrx_word' id='word_1_220' title='bbox 2518 1300 2805 1356; x_wconf 87' lang='lat' dir='ltr'><strong>credentes</strong></span> <span class='ocrx_word' id='word_1_221' title='bbox 2847 1299 3164 1370; x_wconf 88' lang='lat' dir='ltr'><strong>justiﬁcavit</strong></span> <span class='ocrx_word' id='word_1_222' title='bbox 3192 1316 3207 1365; x_wconf 88' lang='lat'><strong>;</strong></span> <span class='ocrx_word' id='word_1_223' title='bbox 3260 1300 3385 1369; x_wconf 83' lang='lat' dir='ltr'><strong>quia</strong></span> <span class='ocrx_word' id='word_1_224' title='bbox 3434 1300 3580 1355; x_wconf 87' lang='lat' dir='ltr'><strong>enim</strong></span> 
     </span>
    </p>
   </div>
   <div class='ocr_carea' id='block_1_29' title="bbox 1997 1388 3579 1459">
    <p class='ocr_par' dir='ltr' id='par_1_29' title="bbox 1997 1388 3579 1459">
     <span class='ocr_line' id='line_1_29' title="bbox 1997 1388 3579 1459; baseline -0.001 -12"><span class='ocrx_word' id='word_1_225' title='bbox 1997 1392 2237 1448; x_wconf 87' lang='lat' dir='ltr'><strong>omnium</strong></span> <span class='ocrx_word' id='word_1_226' title='bbox 2260 1407 2403 1459; x_wconf 90' lang='lat' dir='ltr'><strong>unus</strong></span> <span class='ocrx_word' id='word_1_227' title='bbox 2426 1400 2510 1447; x_wconf 90' lang='lat' dir='ltr'><strong>est</strong></span> <span class='ocrx_word' id='word_1_228' title='bbox 2532 1392 2705 1455; x_wconf 86' lang='lat' dir='ltr'><strong>Deus,</strong></span> <span class='ocrx_word' id='word_1_229' title='bbox 2732 1404 2839 1443; x_wconf 89' lang='lat' dir='ltr'><strong>una</strong></span> <span class='ocrx_word' id='word_1_230' title='bbox 2866 1389 3077 1443; x_wconf 85' lang='lat' dir='ltr'><strong>ratione</strong></span> <span class='ocrx_word' id='word_1_231' title='bbox 3097 1403 3287 1444; x_wconf 89' lang='lat' dir='ltr'><strong>omnes</strong></span> <span class='ocrx_word' id='word_1_232' title='bbox 3317 1388 3579 1457; x_wconf 87' lang='lat' dir='ltr'><strong>justiﬁea-</strong></span> 
     </span>
    </p>
   </div>
   <div class='ocr_carea' id='block_1_30' title="bbox 1988 1481 3580 1567">
    <p class='ocr_par' dir='ltr' id='par_1_30' title="bbox 1988 1481 3580 1567">
     <span class='ocr_line' id='line_1_30' title="bbox 1988 1481 3580 1567; baseline -0.001 -28"><span class='ocrx_word' id='word_1_233' title='bbox 1988 1484 2095 1567; x_wconf 14' lang='lat' dir='ltr'><strong>{vit.</strong></span> <span class='ocrx_word' id='word_1_234' title='bbox 2127 1484 2266 1552; x_wconf 85' lang='lat' dir='ltr'><strong>Quid</strong></span> <span class='ocrx_word' id='word_1_235' title='bbox 2293 1499 2423 1555; x_wconf 89' lang='lat' dir='ltr'><strong>ergo</strong></span> <span class='ocrx_word' id='word_1_236' title='bbox 2467 1483 2690 1561; x_wconf 89' lang='lat' dir='ltr'><strong>prodest</strong></span> <span class='ocrx_word' id='word_1_237' title='bbox 2717 1482 2898 1537; x_wconf 87' lang='lat' dir='ltr'><strong>carnis</strong></span> <span class='ocrx_word' id='word_1_238' title='bbox 2927 1481 3302 1547; x_wconf 86' lang='lat' dir='ltr'><strong>circumcisio,</strong></span> <span class='ocrx_word' id='word_1_239' title='bbox 3331 1489 3423 1536; x_wconf 87' lang='lat' dir='ltr'><strong>aut</strong></span> <span class='ocrx_word' id='word_1_240' title='bbox 3453 1482 3580 1550; x_wconf 91' lang='lat' dir='ltr'><strong>quid</strong></span> 
     </span>
    </p>
   </div>
   <div class='ocr_carea' id='block_1_31' title="bbox 1997 1574 3582 1648">
    <p class='ocr_par' dir='ltr' id='par_1_31' title="bbox 1997 1574 3582 1648">
     <span class='ocr_line' id='line_1_31' title="bbox 1997 1574 3582 1648; baseline -0.004 -15"><span class='ocrx_word' id='word_1_241' title='bbox 1997 1578 2154 1633; x_wconf 84' lang='lat' dir='ltr'><strong>obest</strong></span> <span class='ocrx_word' id='word_1_242' title='bbox 2200 1579 2541 1648; x_wconf 65' lang='lat' dir='ltr'><strong>praeputium,</strong></span> <span class='ocrx_word' id='word_1_243' title='bbox 2584 1575 2802 1646; x_wconf 89' lang='lat' dir='ltr'><strong>quando</strong></span> <span class='ocrx_word' id='word_1_244' title='bbox 2859 1574 3177 1643; x_wconf 87' lang='lat' dir='ltr'><strong>dignitatem</strong></span> <span class='ocrx_word' id='word_1_245' title='bbox 3219 1584 3276 1631; x_wconf 91' lang='lat' dir='ltr'><strong>et</strong></span> <span class='ocrx_word' id='word_1_246' title='bbox 3327 1574 3582 1642; x_wconf 85' lang='lat' dir='ltr'><strong>meritum</strong></span> 
     </span>
    </p>
   </div>
   <div class='ocr_carea' id='block_1_32' title="bbox 1996 1660 3582 1741">
    <p class='ocr_par' dir='ltr' id='par_1_32' title="bbox 1996 1660 3582 1741">
     <span class='ocr_line' id='line_1_32' title="bbox 1996 1660 3582 1741; baseline -0.004 -16"><span class='ocrx_word' id='word_1_247' title='bbox 1996 1685 2106 1725; x_wconf 91' lang='lat' dir='ltr'><strong>non</strong></span> <span class='ocrx_word' id='word_1_248' title='bbox 2134 1668 2266 1724; x_wconf 83' lang='lat' dir='ltr'><strong>facit</strong></span> <span class='ocrx_word' id='word_1_249' title='bbox 2298 1669 2403 1725; x_wconf 91' lang='lat' dir='ltr'><strong>nisi</strong></span> <span class='ocrx_word' id='word_1_250' title='bbox 2429 1666 2838 1741; x_wconf 80' lang='lat' dir='ltr'><strong>ﬁdes?.(0rig.)</strong></span> <span class='ocrx_word' id='word_1_251' title='bbox 2867 1666 2986 1722; x_wconf 86' lang='lat' dir='ltr'><strong>Non</strong></span> <span class='ocrx_word' id='word_1_252' title='bbox 3023 1667 3168 1722; x_wconf 90' lang='lat' dir='ltr'><strong>enim</strong></span> <span class='ocrx_word' id='word_1_253' title='bbox 3207 1660 3339 1721; x_wconf 88' lang='lat' dir='ltr'><strong>mihi</strong></span> <span class='ocrx_word' id='word_1_254' title='bbox 3368 1665 3582 1720; x_wconf 89' lang='lat' dir='ltr'><strong>videtur</strong></span> 
     </span>
    </p>
   </div>
   <div class='ocr_carea' id='block_1_33' title="bbox 1999 1758 3583 1833">
    <p class='ocr_par' dir='ltr' id='par_1_33' title="bbox 1999 1758 3583 1833">
     <span class='ocr_line' id='line_1_33' title="bbox 1999 1758 3583 1833; baseline -0.005 -15"><span class='ocrx_word' id='word_1_255' title='bbox 1999 1761 2289 1833; x_wconf 72' lang='lat' dir='ltr'><strong>superﬂua</strong></span> <span class='ocrx_word' id='word_1_256' title='bbox 2313 1761 2452 1833; x_wconf 89' lang='lat' dir='ltr'><strong>apud</strong></span> <span class='ocrx_word' id='word_1_257' title='bbox 2489 1776 2614 1817; x_wconf 90' lang='lat' dir='ltr'><strong>eum</strong></span> <span class='ocrx_word' id='word_1_258' title='bbox 2662 1760 2850 1816; x_wconf 90' lang='lat' dir='ltr'><strong>haberi</strong></span> <span class='ocrx_word' id='word_1_259' title='bbox 2908 1760 3013 1815; x_wconf 89' lang='lat' dir='ltr'><strong>ista</strong></span> <span class='ocrx_word' id='word_1_260' title='bbox 3049 1758 3443 1829; x_wconf 73' lang='lat' dir='ltr'><strong>praepositionis</strong></span> <span class='ocrx_word' id='word_1_261' title='bbox 3491 1773 3583 1828; x_wconf 81' lang='lat' dir='ltr'><strong>per</strong></span> 
     </span>
    </p>
   </div>
   <div class='ocr_carea' id='block_1_34' title="bbox 314 1841 1919 1943">
    <p class='ocr_par' dir='ltr' id='par_1_34' title="bbox 314 1841 1899 1943">
     <span class='ocr_line' id='line_1_34' title="bbox 314 1841 1899 1943; baseline -0.003 -14"><span class='ocrx_word' id='word_1_262' title='bbox 314 1873 632 1943; x_wconf 84' lang='lat' dir='ltr'><strong>Apostolum</strong></span> <span class='ocrx_word' id='word_1_263' title='bbox 659 1891 671 1927; x_wconf 90' lang='lat'><strong>:</strong></span> <span class='ocrx_word' id='word_1_264' title='bbox 706 1871 808 1927; x_wconf 86' lang='lat' dir='ltr'><strong>Ubi</strong></span> <span class='ocrx_word' id='word_1_265' title='bbox 831 1886 906 1928; x_wconf 87' lang='lat' dir='ltr'><strong>est</strong></span> <span class='ocrx_word' id='word_1_266' title='bbox 930 1841 1194 1943; x_wconf 54' lang='lat' dir='ltr'><strong>wgloriatio</strong></span> <span class='ocrx_word' id='word_1_267' title='bbox 1225 1872 1359 1926; x_wconf 78' lang='lat' dir='ltr'><strong>tua?</strong></span> <span class='ocrx_word' id='word_1_268' title='bbox 1396 1841 1630 1926; x_wconf 51' lang='lat' dir='ltr'><strong>Edictum</strong></span> <span class='ocrx_word' id='word_1_269' title='bbox 1661 1879 1755 1925; x_wconf 88' lang='lat' dir='ltr'><strong>est.</strong></span> <span class='ocrx_word' id='word_1_270' title='bbox 1791 1867 1899 1924; x_wconf 87' lang='lat' dir='ltr'><strong>Per</strong></span> 
     </span>
    </p>
   </div>
   <div class='ocr_carea' id='block_1_35' title="bbox 2015 1841 3580 1943">
    <p class='ocr_par' dir='ltr' id='par_1_35' title="bbox 2015 1844 3580 1929">
     <span class='ocr_line' id='line_1_35' title="bbox 2015 1844 3580 1929; baseline -0.005 -17"><span class='ocrx_word' id='word_1_271' title='bbox 2015 1855 2369 1921; x_wconf 82' lang='lat' dir='ltr'><strong>:ommutatio,</strong></span> <span class='ocrx_word' id='word_1_272' title='bbox 2391 1853 2517 1924; x_wconf 86' lang='lat' dir='ltr'><strong>quia</strong></span> <span class='ocrx_word' id='word_1_273' title='bbox 2546 1844 2861 1909; x_wconf 78' lang='lat' dir='ltr'><strong>invenimus</strong></span> <span class='ocrx_word' id='word_1_274' title='bbox 2890 1852 2957 1907; x_wconf 90' lang='lat' dir='ltr'><strong>ab</strong></span> <span class='ocrx_word' id='word_1_275' title='bbox 3004 1865 3070 1906; x_wconf 91' lang='lat' dir='ltr'><strong>eo</strong></span> <span class='ocrx_word' id='word_1_276' title='bbox 3107 1860 3164 1906; x_wconf 93' lang='lat' dir='ltr'><strong>et</strong></span> <span class='ocrx_word' id='word_1_277' title='bbox 3189 1851 3244 1904; x_wconf 91' lang='lat' dir='ltr'><strong>in</strong></span> <span class='ocrx_word' id='word_1_278' title='bbox 3274 1850 3397 1929; x_wconf 85' lang='lat' dir='ltr'><strong>aliis</strong></span> <span class='ocrx_word' id='word_1_279' title='bbox 3426 1848 3580 1915; x_wconf 89' lang='lat' dir='ltr'><strong>locis,</strong></span> 
     </span>
    </p>
   </div>
   <div class='ocr_carea' id='block_1_36' title="bbox 315 1958 1893 2035">
    <p class='ocr_par' dir='ltr' id='par_1_36' title="bbox 315 1958 1893 2035">
     <span class='ocr_line' id='line_1_36' title="bbox 315 1958 1893 2035; baseline -0.003 -17"><span class='ocrx_word' id='word_1_280' title='bbox 315 1981 477 2035; x_wconf 88' lang='lat' dir='ltr'><strong>quam</strong></span> <span class='ocrx_word' id='word_1_281' title='bbox 508 1964 669 2034; x_wconf 88' lang='lat' dir='ltr'><strong>legem</strong></span> <span class='ocrx_word' id='word_1_282' title='bbox 694 1964 720 2018; x_wconf 83' lang='lat'><strong><em>?</em></strong></span> <span class='ocrx_word' id='word_1_283' title='bbox 754 1961 1043 2018; x_wconf 83' lang='lat' dir='ltr'><strong>Factorum</strong></span> <span class='ocrx_word' id='word_1_284' title='bbox 1063 1964 1088 2016; x_wconf 85' lang='lat'><strong><em>?</em></strong></span> <span class='ocrx_word' id='word_1_285' title='bbox 1114 1958 1240 2016; x_wconf 89' lang='lat' dir='ltr'><strong>Non</strong></span> <span class='ocrx_word' id='word_1_286' title='bbox 1263 1978 1281 2017; x_wconf 89' lang='lat'><strong><em>:</em></strong></span> <span class='ocrx_word' id='word_1_287' title='bbox 1308 1961 1399 2016; x_wconf 87' lang='lat' dir='ltr'><strong>sed</strong></span> <span class='ocrx_word' id='word_1_288' title='bbox 1428 1978 1521 2031; x_wconf 87' lang='lat' dir='ltr'><strong>per</strong></span> <span class='ocrx_word' id='word_1_289' title='bbox 1543 1961 1706 2032; x_wconf 84' lang='lat' dir='ltr'><strong>legem</strong></span> <span class='ocrx_word' id='word_1_290' title='bbox 1745 1959 1893 2030; x_wconf 88' lang='lat' dir='ltr'><strong>ﬁdei.</strong></span> 
     </span>
    </p>
   </div>
   <div class='ocr_carea' id='block_1_37' title="bbox 318 2038 1919 2124">
    <p class='ocr_par' dir='ltr' id='par_1_37' title="bbox 318 2038 1919 2124">
     <span class='ocr_line' id='line_1_37' title="bbox 318 2038 1919 2124; baseline -0.001 -15"><span class='ocrx_word' id='word_1_291' title='bbox 318 2053 449 2110; x_wconf 79' lang='lat' dir='ltr'><strong>Haec</strong></span> <span class='ocrx_word' id='word_1_292' title='bbox 475 2062 559 2110; x_wconf 91' lang='lat' dir='ltr'><strong>est</strong></span> <span class='ocrx_word' id='word_1_293' title='bbox 594 2054 681 2109; x_wconf 83' lang='lat' dir='ltr'><strong>lex</strong></span> <span class='ocrx_word' id='word_1_294' title='bbox 710 2054 832 2109; x_wconf 90' lang='lat' dir='ltr'><strong>ﬁdei</strong></span> <span class='ocrx_word' id='word_1_295' title='bbox 857 2070 963 2124; x_wconf 91' lang='lat' dir='ltr'><strong>qua</strong></span> <span class='ocrx_word' id='word_1_296' title='bbox 994 2053 1264 2108; x_wconf 88' lang='lat' dir='ltr'><strong>credimus</strong></span> <span class='ocrx_word' id='word_1_297' title='bbox 1302 2060 1358 2108; x_wconf 89' lang='lat' dir='ltr'><strong>et</strong></span> <span class='ocrx_word' id='word_1_298' title='bbox 1389 2068 1607 2108; x_wconf 90' lang='lat' dir='ltr'><strong>oramus</strong></span> <span class='ocrx_word' id='word_1_299' title='bbox 1652 2067 1750 2123; x_wconf 90' lang='lat' dir='ltr'><strong>per</strong></span> <span class='ocrx_word' id='word_1_300' title='bbox 1778 2038 1919 2123; x_wconf 50' lang='lat' dir='ltr'><strong>gra-&#39;</strong></span> 
     </span>
    </p>
   </div>
   <div class='ocr_carea' id='block_1_38' title="bbox 319 2142 1901 2214">
    <p class='ocr_par' dir='ltr' id='par_1_38' title="bbox 319 2142 1901 2214">
     <span class='ocr_line' id='line_1_38' title="bbox 319 2142 1901 2214; baseline -0.001 -15"><span class='ocrx_word' id='word_1_301' title='bbox 319 2146 453 2200; x_wconf 89' lang='lat' dir='ltr'><strong>tiam</strong></span> <span class='ocrx_word' id='word_1_302' title='bbox 474 2144 632 2200; x_wconf 89' lang='lat' dir='ltr'><strong>nobis</strong></span> <span class='ocrx_word' id='word_1_303' title='bbox 652 2144 865 2210; x_wconf 92' lang='lat' dir='ltr'><strong>donari,</strong></span> <span class='ocrx_word' id='word_1_304' title='bbox 888 2152 949 2199; x_wconf 91' lang='lat' dir='ltr'><strong>ut</strong></span> <span class='ocrx_word' id='word_1_305' title='bbox 967 2142 1230 2199; x_wconf 78' lang='lat' dir='ltr'><strong>faciamus</strong></span> <span class='ocrx_word' id='word_1_306' title='bbox 1251 2144 1396 2214; x_wconf 88' lang='lat' dir='ltr'><strong>quod</strong></span> <span class='ocrx_word' id='word_1_307' title='bbox 1419 2159 1517 2214; x_wconf 91' lang='lat' dir='ltr'><strong>per</strong></span> <span class='ocrx_word' id='word_1_308' title='bbox 1536 2142 1901 2212; x_wconf 87' lang='lat' dir='ltr'><strong>nosmetipsos</strong></span> 
     </span>
    </p>
   </div>
   <div class='ocr_carea' id='block_1_39' title="bbox 317 2234 1902 2307">
    <p class='ocr_par' dir='ltr' id='par_1_39' title="bbox 317 2234 1902 2307">
     <span class='ocr_line' id='line_1_39' title="bbox 317 2234 1902 2307; baseline -0.003 -16"><span class='ocrx_word' id='word_1_309' title='bbox 317 2235 550 2307; x_wconf 87' lang='lat' dir='ltr'><strong>implere</strong></span> <span class='ocrx_word' id='word_1_310' title='bbox 580 2250 686 2291; x_wconf 91' lang='lat' dir='ltr'><strong>non</strong></span> <span class='ocrx_word' id='word_1_311' title='bbox 715 2250 1017 2305; x_wconf 90' lang='lat' dir='ltr'><strong>possumus,</strong></span> <span class='ocrx_word' id='word_1_312' title='bbox 1066 2250 1128 2288; x_wconf 90' lang='lat' dir='ltr'><strong>ne</strong></span> <span class='ocrx_word' id='word_1_313' title='bbox 1157 2235 1457 2304; x_wconf 79' lang='lat' dir='ltr'><strong>ignorantes</strong></span> <span class='ocrx_word' id='word_1_314' title='bbox 1499 2234 1597 2288; x_wconf 88' lang='lat' dir='ltr'><strong>Dei</strong></span> <span class='ocrx_word' id='word_1_315' title='bbox 1635 2234 1902 2304; x_wconf 80' lang='lat' dir='ltr'><strong>justitiam</strong></span> 
     </span>
    </p>
   </div>
   <div class='ocr_carea' id='block_1_40' title="bbox 316 2321 1904 2392">
    <p class='ocr_par' dir='ltr' id='par_1_40' title="bbox 316 2321 1904 2392">
     <span class='ocr_line' id='line_1_40' title="bbox 316 2321 1904 2392; baseline -0.002 -12"><span class='ocrx_word' id='word_1_316' title='bbox 316 2336 369 2380; x_wconf 88' lang='lat' dir='ltr'><strong>et</strong></span> <span class='ocrx_word' id='word_1_317' title='bbox 431 2334 664 2380; x_wconf 86' lang='lat' dir='ltr'><strong>nostram</strong></span> <span class='ocrx_word' id='word_1_318' title='bbox 712 2324 935 2380; x_wconf 83' lang='lat' dir='ltr'><strong>volentes</strong></span> <span class='ocrx_word' id='word_1_319' title='bbox 982 2325 1333 2387; x_wconf 83' lang='lat' dir='ltr'><strong>constituere,</strong></span> <span class='ocrx_word' id='word_1_320' title='bbox 1370 2321 1596 2392; x_wconf 81' lang='lat' dir='ltr'><strong>justitia:</strong></span> <span class='ocrx_word' id='word_1_321' title='bbox 1641 2323 1740 2376; x_wconf 88' lang='lat' dir='ltr'><strong>Dei</strong></span> <span class='ocrx_word' id='word_1_322' title='bbox 1799 2338 1904 2377; x_wconf 88' lang='lat' dir='ltr'><strong>non</strong></span> 
     </span>
    </p>
   </div>
   <div class='ocr_carea' id='block_1_41' title="bbox 315 2412 1937 2485">
    <p class='ocr_par' dir='ltr' id='par_1_41' title="bbox 315 2412 1937 2485">
     <span class='ocr_line' id='line_1_41' title="bbox 315 2412 1937 2485; baseline -0.002 -14"><span class='ocrx_word' id='word_1_323' title='bbox 315 2419 486 2472; x_wconf 83' lang='lat' dir='ltr'><strong>simus</strong></span> <span class='ocrx_word' id='word_1_324' title='bbox 535 2416 775 2485; x_wconf 84' lang='lat' dir='ltr'><strong>subjecti.</strong></span> <span class='ocrx_word' id='word_1_325' title='bbox 821 2415 879 2469; x_wconf 94' lang='lat' dir='ltr'><strong>ln</strong></span> <span class='ocrx_word' id='word_1_326' title='bbox 908 2414 1025 2485; x_wconf 83' lang='lat' dir='ltr'><strong>lege</strong></span> <span class='ocrx_word' id='word_1_327' title='bbox 1051 2413 1234 2483; x_wconf 89' lang='lat' dir='ltr'><strong>itaque</strong></span> <span class='ocrx_word' id='word_1_328' title='bbox 1259 2412 1527 2469; x_wconf 90' lang='lat' dir='ltr'><strong>factorum</strong></span> <span class='ocrx_word' id='word_1_329' title='bbox 1565 2423 1649 2468; x_wconf 91' lang='lat' dir='ltr'><strong>est</strong></span> <span class='ocrx_word' id='word_1_330' title='bbox 1686 2412 1782 2469; x_wconf 91' lang='lat' dir='ltr'><strong>Dei</strong></span> <span class='ocrx_word' id='word_1_331' title='bbox 1816 2412 1937 2482; x_wconf 87' lang='lat' dir='ltr'><strong>ju-&#39;</strong></span> 
     </span>
    </p>
   </div>
   <div class='ocr_carea' id='block_1_42' title="bbox 315 2502 1906 2580">
    <p class='ocr_par' dir='ltr' id='par_1_42' title="bbox 315 2502 1906 2580">
     <span class='ocr_line' id='line_1_42' title="bbox 315 2502 1906 2580; baseline -0.003 -15"><span class='ocrx_word' id='word_1_332' title='bbox 315 2509 504 2565; x_wconf 86' lang='lat' dir='ltr'><strong>bentis</strong></span> <span class='ocrx_word' id='word_1_333' title='bbox 522 2509 733 2580; x_wconf 88' lang='lat' dir='ltr'><strong>justitia</strong></span> <span class='ocrx_word' id='word_1_334' title='bbox 753 2506 871 2574; x_wconf 40' lang='lat' dir='ltr'><strong>;&quot;in</strong></span> <span class='ocrx_word' id='word_1_335' title='bbox 910 2506 1027 2577; x_wconf 88' lang='lat' dir='ltr'><strong>lege</strong></span> <span class='ocrx_word' id='word_1_336' title='bbox 1053 2516 1230 2561; x_wconf 87' lang='lat' dir='ltr'><strong>autem</strong></span> <span class='ocrx_word' id='word_1_337' title='bbox 1257 2505 1382 2561; x_wconf 91' lang='lat' dir='ltr'><strong>ﬁdei</strong></span> <span class='ocrx_word' id='word_1_338' title='bbox 1412 2506 1780 2561; x_wconf 90' lang='lat' dir='ltr'><strong>subvenientis</strong></span> <span class='ocrx_word' id='word_1_339' title='bbox 1804 2502 1906 2561; x_wconf 87' lang='lat' dir='ltr'><strong>mi-</strong></span> 
     </span>
    </p>
   </div>
   <div class='ocr_carea' id='block_1_43' title="bbox 318 2597 1905 2673">
    <p class='ocr_par' dir='ltr' id='par_1_43' title="bbox 318 2597 1905 2673">
     <span class='ocr_line' id='line_1_43' title="bbox 318 2597 1905 2673; baseline -0.003 -18"><span class='ocrx_word' id='word_1_340' title='bbox 318 2600 642 2655; x_wconf 87' lang='lat' dir='ltr'><strong>sericordia.</strong></span> <span class='ocrx_word' id='word_1_341' title='bbox 676 2597 874 2673; x_wconf 58' lang='lat' dir='ltr'><strong>(Orig)</strong></span> <span class='ocrx_word' id='word_1_342' title='bbox 896 2598 1145 2653; x_wconf 85' lang='lat' dir='ltr'><strong>Imminet</strong></span> <span class='ocrx_word' id='word_1_343' title='bbox 1166 2597 1331 2667; x_wconf 86' lang='lat' dir='ltr'><strong>igitur</strong></span> <span class='ocrx_word' id='word_1_344' title='bbox 1353 2599 1509 2653; x_wconf 91' lang='lat' dir='ltr'><strong>nobis</strong></span> <span class='ocrx_word' id='word_1_345' title='bbox 1528 2598 1618 2667; x_wconf 89' lang='lat' dir='ltr'><strong>qui</strong></span> <span class='ocrx_word' id='word_1_346' title='bbox 1640 2597 1905 2670; x_wconf 77' lang='lat' dir='ltr'><strong>integram</strong></span> 
     </span>
    </p>
   </div>
   <div class='ocr_carea' id='block_1_44' title="bbox 316 2670 1910 2761">
    <p class='ocr_par' dir='ltr' id='par_1_44' title="bbox 316 2670 1910 2761">
     <span class='ocr_line' id='line_1_44' title="bbox 316 2670 1910 2761; baseline -0.003 -17"><span class='ocrx_word' id='word_1_347' title='bbox 316 2704 447 2744; x_wconf 89' lang='lat' dir='ltr'><strong>esse</strong></span> <span class='ocrx_word' id='word_1_348' title='bbox 496 2670 825 2761; x_wconf 81' lang='lat' dir='ltr'><strong>scripturam</strong></span> <span class='ocrx_word' id='word_1_349' title='bbox 865 2687 1107 2758; x_wconf 87' lang='lat' dir='ltr'><strong>Apostoli</strong></span> <span class='ocrx_word' id='word_1_350' title='bbox 1134 2702 1394 2742; x_wconf 89' lang='lat' dir='ltr'><strong>conamur</strong></span> <span class='ocrx_word' id='word_1_351' title='bbox 1441 2701 1706 2753; x_wconf 89' lang='lat' dir='ltr'><strong>asserere,</strong></span> <span class='ocrx_word' id='word_1_352' title='bbox 1736 2695 1793 2741; x_wconf 90' lang='lat' dir='ltr'><strong>et</strong></span> <span class='ocrx_word' id='word_1_353' title='bbox 1818 2701 1910 2741; x_wconf 86' lang='lat' dir='ltr'><strong>or—</strong></span> 
     </span>
    </p>
   </div>
   <div class='ocr_carea' id='block_1_45' title="bbox 320 2770 1909 2848">
    <p class='ocr_par' dir='ltr' id='par_1_45' title="bbox 320 2770 1909 2848">
     <span class='ocr_line' id='line_1_45' title="bbox 320 2770 1909 2848; baseline 0 -15"><span class='ocrx_word' id='word_1_354' title='bbox 320 2780 455 2834; x_wconf 91' lang='lat' dir='ltr'><strong>dine</strong></span> <span class='ocrx_word' id='word_1_355' title='bbox 481 2784 584 2833; x_wconf 81' lang='lat' dir='ltr'><strong>suo&#39;</strong></span> <span class='ocrx_word' id='word_1_356' title='bbox 604 2788 799 2834; x_wconf 87' lang='lat' dir='ltr'><strong>cuncta</strong></span> <span class='ocrx_word' id='word_1_357' title='bbox 823 2787 1075 2834; x_wconf 89' lang='lat' dir='ltr'><strong>constare</strong></span> <span class='ocrx_word' id='word_1_358' title='bbox 1100 2819 1115 2842; x_wconf 91' lang='lat'><strong>,</strong></span> <span class='ocrx_word' id='word_1_359' title='bbox 1147 2787 1205 2833; x_wconf 92' lang='lat' dir='ltr'><strong>ut</strong></span> <span class='ocrx_word' id='word_1_360' title='bbox 1238 2778 1581 2848; x_wconf 90' lang='lat' dir='ltr'><strong>requiramus</strong></span> <span class='ocrx_word' id='word_1_361' title='bbox 1626 2770 1747 2848; x_wconf 83' lang='lat' dir='ltr'><strong>quis</strong></span> <span class='ocrx_word' id='word_1_362' title='bbox 1792 2778 1909 2834; x_wconf 89' lang='lat' dir='ltr'><strong>sine</strong></span> 
     </span>
    </p>
   </div>
   <div class='ocr_carea' id='block_1_46' title="bbox 320 2868 1910 2942">
    <p class='ocr_par' dir='ltr' id='par_1_46' title="bbox 320 2868 1910 2942">
     <span class='ocr_line' id='line_1_46' title="bbox 320 2868 1910 2942; baseline 0 -17"><span class='ocrx_word' id='word_1_363' title='bbox 320 2870 585 2940; x_wconf 87' lang='lat' dir='ltr'><strong>operibus</strong></span> <span class='ocrx_word' id='word_1_364' title='bbox 609 2869 725 2925; x_wconf 90' lang='lat' dir='ltr'><strong>sola</strong></span> <span class='ocrx_word' id='word_1_365' title='bbox 754 2870 860 2924; x_wconf 89' lang='lat' dir='ltr'><strong>ﬁde</strong></span> <span class='ocrx_word' id='word_1_366' title='bbox 878 2868 1209 2939; x_wconf 89' lang='lat' dir='ltr'><strong>justiﬁcatus</strong></span> <span class='ocrx_word' id='word_1_367' title='bbox 1238 2870 1329 2925; x_wconf 89' lang='lat' dir='ltr'><strong>sit.</strong></span> <span class='ocrx_word' id='word_1_368' title='bbox 1361 2872 1632 2935; x_wconf 85' lang='lat' dir='ltr'><strong>Quantum</strong></span> <span class='ocrx_word' id='word_1_369' title='bbox 1655 2871 1818 2942; x_wconf 90' lang='lat' dir='ltr'><strong>igitur</strong></span> <span class='ocrx_word' id='word_1_370' title='bbox 1840 2870 1910 2925; x_wconf 93' lang='lat' dir='ltr'><strong>ad</strong></span> 
     </span>
    </p>
   </div>
   <div class='ocr_carea' id='block_1_47' title="bbox 308 2953 1910 3033">
    <p class='ocr_par' dir='ltr' id='par_1_47' title="bbox 308 2953 1910 3033">
     <span class='ocr_line' id='line_1_47' title="bbox 308 2953 1910 3033; baseline -0.002 -13"><span class='ocrx_word' id='word_1_371' title='bbox 308 2953 640 3033; x_wconf 76' lang='lat' dir='ltr'><strong>exemplum</strong></span> <span class='ocrx_word' id='word_1_372' title='bbox 654 2963 909 3032; x_wconf 90' lang='lat' dir='ltr'><strong>pertinet,</strong></span> <span class='ocrx_word' id='word_1_373' title='bbox 928 2960 1181 3018; x_wconf 35' lang='lat' dir='ltr'><strong>‘squicere</strong></span> <span class='ocrx_word' id='word_1_374' title='bbox 1209 2962 1444 3017; x_wconf 86' lang='lat' dir='ltr'><strong>arbitror</strong></span> <span class='ocrx_word' id='word_1_375' title='bbox 1474 2960 1625 3016; x_wconf 91' lang='lat' dir='ltr'><strong>illum</strong></span> <span class='ocrx_word' id='word_1_376' title='bbox 1645 2961 1910 3018; x_wconf 88' lang='lat' dir='ltr'><strong>latronem</strong></span> 
     </span>
    </p>
   </div>
   <div class='ocr_carea' id='block_1_48' title="bbox 320 3050 1908 3128">
    <p class='ocr_par' dir='ltr' id='par_1_48' title="bbox 320 3050 1908 3128">
     <span class='ocr_line' id='line_1_48' title="bbox 320 3050 1908 3128; baseline -0.001 -17"><span class='ocrx_word' id='word_1_377' title='bbox 320 3057 422 3128; x_wconf 90' lang='lat' dir='ltr'><strong>qui</strong></span> <span class='ocrx_word' id='word_1_378' title='bbox 462 3071 587 3111; x_wconf 92' lang='lat' dir='ltr'><strong>cum</strong></span> <span class='ocrx_word' id='word_1_379' title='bbox 615 3055 845 3111; x_wconf 85' lang='lat' dir='ltr'><strong>Christo</strong></span> <span class='ocrx_word' id='word_1_380' title='bbox 864 3050 1159 3111; x_wconf 81' lang='lat' dir='ltr'><strong>cruciﬁxus</strong></span> <span class='ocrx_word' id='word_1_381' title='bbox 1191 3054 1482 3109; x_wconf 89' lang='lat' dir='ltr'><strong>clamavit:</strong></span> <span class='ocrx_word' id='word_1_382' title='bbox 1508 3055 1731 3109; x_wconf 89' lang='lat' dir='ltr'><strong>Domine</strong></span> <span class='ocrx_word' id='word_1_383' title='bbox 1756 3053 1908 3121; x_wconf 75' lang='lat' dir='ltr'><strong>Iesu,</strong></span> 
     </span>
    </p>
   </div>
   <div class='ocr_carea' id='block_1_49' title="bbox 320 3136 1908 3220">
    <p class='ocr_par' dir='ltr' id='par_1_49' title="bbox 320 3136 1908 3220">
     <span class='ocr_line' id='line_1_49' title="bbox 320 3136 1908 3220; baseline -0.003 -15"><span class='ocrx_word' id='word_1_384' title='bbox 320 3159 587 3205; x_wconf 88' lang='lat' dir='ltr'><strong>memento</strong></span> <span class='ocrx_word' id='word_1_385' title='bbox 608 3138 709 3204; x_wconf 80' lang='lat' dir='ltr'><strong>mei</strong></span> <span class='ocrx_word' id='word_1_386' title='bbox 732 3166 851 3202; x_wconf 87' lang='lat' dir='ltr'><strong>cum</strong></span> <span class='ocrx_word' id='word_1_387' title='bbox 872 3149 1069 3204; x_wconf 84' lang='lat' dir='ltr'><strong>veneris</strong></span> <span class='ocrx_word' id='word_1_388' title='bbox 1082 3150 1137 3203; x_wconf 90' lang='lat' dir='ltr'><strong>in</strong></span> <span class='ocrx_word' id='word_1_389' title='bbox 1152 3164 1366 3219; x_wconf 74' lang='lat' dir='ltr'><strong>regnum</strong></span> <span class='ocrx_word' id='word_1_390' title='bbox 1386 3157 1533 3201; x_wconf 88' lang='lat' dir='ltr'><strong>tuum</strong></span> <span class='ocrx_word' id='word_1_391' title='bbox 1561 3136 1713 3220; x_wconf 85' lang='lat' dir='ltr'><strong>(Luc.</strong></span> <span class='ocrx_word' id='word_1_392' title='bbox 1729 3148 1908 3220; x_wconf 69' lang='grc' dir='ltr'><strong>χχιιι).</strong></span> 
     </span>
    </p>
   </div>
   <div class='ocr_carea' id='block_1_50' title="bbox 1998 1930 3585 2025">
    <p class='ocr_par' dir='ltr' id='par_1_50' title="bbox 1998 1930 3585 2025">
     <span class='ocr_line' id='line_1_50' title="bbox 1998 1930 3585 2025; baseline -0.004 -24"><span class='ocrx_word' id='word_1_393' title='bbox 1998 1930 2108 2002; x_wconf 85' lang='lat' dir='ltr'><strong>non</strong></span> <span class='ocrx_word' id='word_1_394' title='bbox 2127 1953 2186 2000; x_wconf 91' lang='lat' dir='ltr'><strong>ut</strong></span> <span class='ocrx_word' id='word_1_395' title='bbox 2210 1944 2364 2011; x_wconf 90' lang='lat' dir='ltr'><strong>libet,</strong></span> <span class='ocrx_word' id='word_1_396' title='bbox 2398 1944 2494 2001; x_wconf 90' lang='lat' dir='ltr'><strong>sed</strong></span> <span class='ocrx_word' id='word_1_397' title='bbox 2520 1945 2873 2000; x_wconf 89' lang='lat' dir='ltr'><strong>observanter</strong></span> <span class='ocrx_word' id='word_1_398' title='bbox 2897 1934 3013 1998; x_wconf 84' lang='lat' dir='ltr'><strong>haec</strong></span> <span class='ocrx_word' id='word_1_399' title='bbox 3035 1942 3233 2025; x_wconf 81' lang='lat' dir='ltr'><strong>posita,</strong></span> <span class='ocrx_word' id='word_1_400' title='bbox 3256 1950 3311 1996; x_wconf 91' lang='lat' dir='ltr'><strong>et</strong></span> <span class='ocrx_word' id='word_1_401' title='bbox 3335 1955 3585 1997; x_wconf 88' lang='lat' dir='ltr'><strong>necessa-</strong></span> 
     </span>
    </p>
   </div>
   <div class='ocr_carea' id='block_1_51' title="bbox 1999 2033 3583 2105">
    <p class='ocr_par' dir='ltr' id='par_1_51' title="bbox 1999 2033 3583 2105">
     <span class='ocr_line' id='line_1_51' title="bbox 1999 2033 3583 2105; baseline -0.003 -14"><span class='ocrx_word' id='word_1_402' title='bbox 1999 2037 2083 2092; x_wconf 92' lang='lat' dir='ltr'><strong>rio</strong></span> <span class='ocrx_word' id='word_1_403' title='bbox 2127 2034 2484 2091; x_wconf 75' lang='lat' dir='ltr'><strong>differentiam</strong></span> <span class='ocrx_word' id='word_1_404' title='bbox 2517 2034 2879 2090; x_wconf 87' lang='lat' dir='ltr'><strong>distinctionis</strong></span> <span class='ocrx_word' id='word_1_405' title='bbox 2919 2033 3079 2105; x_wconf 87' lang='lat' dir='ltr'><strong>hujus</strong></span> <span class='ocrx_word' id='word_1_406' title='bbox 3123 2048 3246 2089; x_wconf 89' lang='lat' dir='ltr'><strong>esse</strong></span> <span class='ocrx_word' id='word_1_407' title='bbox 3288 2041 3583 2098; x_wconf 86' lang='lat' dir='ltr'><strong>servatam,</strong></span> 
     </span>
    </p>
   </div>
   <div class='ocr_carea' id='block_1_52' title="bbox 2002 2125 3585 2196">
    <p class='ocr_par' dir='ltr' id='par_1_52' title="bbox 2002 2125 3585 2196">
     <span class='ocr_line' id='line_1_52' title="bbox 2002 2125 3585 2196; baseline -0.003 -13"><span class='ocrx_word' id='word_1_408' title='bbox 2002 2128 2141 2183; x_wconf 92' lang='lat' dir='ltr'><strong>sicut</strong></span> <span class='ocrx_word' id='word_1_409' title='bbox 2165 2142 2290 2182; x_wconf 90' lang='lat' dir='ltr'><strong>eum</strong></span> <span class='ocrx_word' id='word_1_410' title='bbox 2312 2128 2380 2182; x_wconf 91' lang='lat' dir='ltr'><strong>de</strong></span> <span class='ocrx_word' id='word_1_411' title='bbox 2400 2126 2512 2183; x_wconf 87' lang='lat' dir='ltr'><strong>Deo</strong></span> <span class='ocrx_word' id='word_1_412' title='bbox 2534 2126 2780 2195; x_wconf 88' lang='lat' dir='ltr'><strong>loquens,</strong></span> <span class='ocrx_word' id='word_1_413' title='bbox 2807 2126 2937 2192; x_wconf 85' lang='lat' dir='ltr'><strong>dicit</strong></span> <span class='ocrx_word' id='word_1_414' title='bbox 2961 2144 2974 2180; x_wconf 88' lang='lat'>:</span> <span class='ocrx_word' id='word_1_415' title='bbox 3002 2125 3265 2191; x_wconf 85' lang='lat' dir='ltr'><strong>Quoniam</strong></span> <span class='ocrx_word' id='word_1_416' title='bbox 3289 2140 3353 2179; x_wconf 82' lang='lat' dir='ltr'><strong>ea:</strong></span> <span class='ocrx_word' id='word_1_417' title='bbox 3374 2125 3506 2196; x_wconf 87' lang='lat' dir='ltr'><strong>ipso,</strong></span> <span class='ocrx_word' id='word_1_418' title='bbox 3535 2132 3585 2178; x_wconf 89' lang='lat' dir='ltr'><strong>et</strong></span> 
     </span>
    </p>
   </div>
   <div class='ocr_carea' id='block_1_53' title="bbox 2001 2214 3588 2290">
    <p class='ocr_par' dir='ltr' id='par_1_53' title="bbox 2001 2214 3588 2290">
     <span class='ocr_line' id='line_1_53' title="bbox 2001 2214 3588 2290; baseline -0.002 -18"><span class='ocrx_word' id='word_1_419' title='bbox 2001 2234 2094 2290; x_wconf 80' lang='lat' dir='ltr'><strong>per</strong></span> <span class='ocrx_word' id='word_1_420' title='bbox 2111 2220 2286 2288; x_wconf 86' lang='lat' dir='ltr'><strong>ipsum</strong></span> <span class='ocrx_word' id='word_1_421' title='bbox 2325 2229 2372 2272; x_wconf 89' lang='lat' dir='ltr'><strong>et</strong></span> <span class='ocrx_word' id='word_1_422' title='bbox 2412 2217 2469 2271; x_wconf 86' lang='lat' dir='ltr'><strong>in</strong></span> <span class='ocrx_word' id='word_1_423' title='bbox 2503 2217 2616 2287; x_wconf 86' lang='lat' dir='ltr'><strong>ipso</strong></span> <span class='ocrx_word' id='word_1_424' title='bbox 2655 2227 2778 2279; x_wconf 85' lang='lat' dir='ltr'><strong>sunt</strong></span> <span class='ocrx_word' id='word_1_425' title='bbox 2816 2216 3013 2270; x_wconf 87' lang='lat' dir='ltr'><strong>omnia.</strong></span> <span class='ocrx_word' id='word_1_426' title='bbox 3057 2214 3193 2270; x_wconf 91' lang='lat' dir='ltr'><strong>Cum</strong></span> <span class='ocrx_word' id='word_1_427' title='bbox 3226 2216 3429 2269; x_wconf 88' lang='lat' dir='ltr'><strong>dicitur</strong></span> <span class='ocrx_word' id='word_1_428' title='bbox 3454 2254 3470 2280; x_wconf 91' lang='lat'><strong>,</strong></span> <span class='ocrx_word' id='word_1_429' title='bbox 3523 2231 3588 2269; x_wconf 76' lang='lat' dir='ltr'><strong>ea:</strong></span> 
     </span>
    </p>
   </div>
   <div class='ocr_carea' id='block_1_54' title="bbox 2003 2302 3673 2381">
    <p class='ocr_par' dir='ltr' id='par_1_54' title="bbox 2003 2302 3673 2381">
     <span class='ocr_line' id='line_1_54' title="bbox 2003 2302 3673 2381; baseline -0.002 -17"><span class='ocrx_word' id='word_1_430' title='bbox 2003 2310 2139 2381; x_wconf 84' lang='lat' dir='ltr'><strong>ipso,</strong></span> <span class='ocrx_word' id='word_1_431' title='bbox 2180 2308 2481 2379; x_wconf 90' lang='lat' dir='ltr'><strong>principale</strong></span> <span class='ocrx_word' id='word_1_432' title='bbox 2528 2307 2729 2378; x_wconf 89' lang='lat' dir='ltr'><strong>aliquid</strong></span> <span class='ocrx_word' id='word_1_433' title='bbox 2757 2307 2917 2378; x_wconf 87' lang='lat' dir='ltr'><strong>hujus</strong></span> <span class='ocrx_word' id='word_1_434' title='bbox 2950 2302 3348 2378; x_wconf 60' lang='lat' dir='ltr'><strong>praepositionis</strong></span> <span class='ocrx_word' id='word_1_435' title='bbox 3389 2305 3588 2360; x_wconf 89' lang='lat' dir='ltr'><strong>indicio</strong></span> <span class='ocrx_word' id='word_1_436' title='bbox 3659 2322 3673 2340; x_wconf 67' lang='grc' dir='ltr'><strong>ο</strong></span> 
     </span>
    </p>
   </div>
   <div class='ocr_carea' id='block_1_55' title="bbox 2003 2395 3587 2469">
    <p class='ocr_par' dir='ltr' id='par_1_55' title="bbox 2003 2395 3587 2469">
     <span class='ocr_line' id='line_1_55' title="bbox 2003 2395 3587 2469; baseline -0.003 -15"><span class='ocrx_word' id='word_1_437' title='bbox 2003 2400 2217 2455; x_wconf 81' lang='lat' dir='ltr'><strong>videtur</strong></span> <span class='ocrx_word' id='word_1_438' title='bbox 2242 2398 2489 2465; x_wconf 89' lang='lat' dir='ltr'><strong>ostendi;</strong></span> <span class='ocrx_word' id='word_1_439' title='bbox 2529 2414 2654 2457; x_wconf 91' lang='lat' dir='ltr'><strong>cum</strong></span> <span class='ocrx_word' id='word_1_440' title='bbox 2689 2412 2847 2464; x_wconf 88' lang='lat' dir='ltr'><strong>vero,</strong></span> <span class='ocrx_word' id='word_1_441' title='bbox 2876 2412 2973 2469; x_wconf 87' lang='lat' dir='ltr'><strong>per</strong></span> <span class='ocrx_word' id='word_1_442' title='bbox 2994 2397 3195 2468; x_wconf 77' lang='lat' dir='ltr'><strong>ipsum,</strong></span> <span class='ocrx_word' id='word_1_443' title='bbox 3241 2395 3466 2459; x_wconf 88' lang='lat' dir='ltr'><strong>dicitur,</strong></span> <span class='ocrx_word' id='word_1_444' title='bbox 3501 2400 3587 2449; x_wconf 66' lang='lat' dir='ltr'><strong>se-&#39;-</strong></span> 
     </span>
    </p>
   </div>
   <div class='ocr_carea' id='block_1_56' title="bbox 2003 2472 3588 2562">
    <p class='ocr_par' dir='ltr' id='par_1_56' title="bbox 2003 2472 3588 2562">
     <span class='ocr_line' id='line_1_56' title="bbox 2003 2472 3588 2562; baseline -0.004 -17"><span class='ocrx_word' id='word_1_445' title='bbox 2003 2480 2221 2562; x_wconf 74' lang='lat' dir='ltr'><strong>queritis</strong></span> <span class='ocrx_word' id='word_1_446' title='bbox 2246 2505 2447 2555; x_wconf 70' lang='lat' dir='ltr'><strong>causae,</strong></span> <span class='ocrx_word' id='word_1_447' title='bbox 2481 2489 2533 2544; x_wconf 90' lang='lat' dir='ltr'><strong>id</strong></span> <span class='ocrx_word' id='word_1_448' title='bbox 2562 2496 2652 2562; x_wconf 20' lang='lat' dir='ltr'><strong>est“</strong></span> <span class='ocrx_word' id='word_1_449' title='bbox 2673 2488 2791 2559; x_wconf 82' lang='lat' dir='ltr'><strong>ejus</strong></span> <span class='ocrx_word' id='word_1_450' title='bbox 2820 2503 2939 2558; x_wconf 76' lang='lat' dir='ltr'><strong>qua:</strong></span> <span class='ocrx_word' id='word_1_451' title='bbox 2967 2496 3088 2558; x_wconf 92' lang='lat' dir='ltr'><strong>post</strong></span> <span class='ocrx_word' id='word_1_452' title='bbox 3114 2484 3463 2557; x_wconf 85' lang='lat' dir='ltr'><strong>principalem</strong></span> <span class='ocrx_word' id='word_1_453' title='bbox 3485 2472 3588 2550; x_wconf 85' lang='lat' dir='ltr'><strong>est,</strong></span> 
     </span>
    </p>
   </div>
   <div class='ocr_carea' id='block_1_57' title="bbox 2006 2574 3591 2653">
    <p class='ocr_par' dir='ltr' id='par_1_57' title="bbox 2006 2574 3591 2653">
     <span class='ocr_line' id='line_1_57' title="bbox 2006 2574 3591 2653; baseline -0.006 -14"><span class='ocrx_word' id='word_1_454' title='bbox 2006 2582 2357 2653; x_wconf 85' lang='lat' dir='ltr'><strong>intelligentia</strong></span> <span class='ocrx_word' id='word_1_455' title='bbox 2395 2576 2749 2653; x_wconf 77' lang='lat' dir='ltr'><strong>deSignatur,</strong></span> <span class='ocrx_word' id='word_1_456' title='bbox 2794 2574 2861 2633; x_wconf 86' lang='lat' dir='ltr'><strong>ut</strong></span> <span class='ocrx_word' id='word_1_457' title='bbox 2889 2574 3051 2633; x_wconf 78' lang='lat' dir='ltr'><strong>&#39;verbi</strong></span> <span class='ocrx_word' id='word_1_458' title='bbox 3108 2592 3305 2642; x_wconf 86' lang='lat' dir='ltr'><strong>causa,</strong></span> <span class='ocrx_word' id='word_1_459' title='bbox 3348 2575 3591 2630; x_wconf 85' lang='lat' dir='ltr'><strong>dicamus</strong></span> 
     </span>
    </p>
   </div>
   <div class='ocr_carea' id='block_1_58' title="bbox 2009 2658 3592 2747">
    <p class='ocr_par' dir='ltr' id='par_1_58' title="bbox 2009 2658 3592 2747">
     <span class='ocr_line' id='line_1_58' title="bbox 2009 2658 3592 2747; baseline -0.005 -16"><span class='ocrx_word' id='word_1_460' title='bbox 2009 2677 2152 2747; x_wconf 91' lang='lat' dir='ltr'><strong>quod</strong></span> <span class='ocrx_word' id='word_1_461' title='bbox 2180 2676 2275 2742; x_wconf 89' lang='lat' dir='ltr'><strong>ait,</strong></span> <span class='ocrx_word' id='word_1_462' title='bbox 2308 2690 2373 2730; x_wconf 78' lang='lat' dir='ltr'><strong>ea:</strong></span> <span class='ocrx_word' id='word_1_463' title='bbox 2397 2675 2533 2745; x_wconf 82' lang='lat' dir='ltr'><strong>ipso,</strong></span> <span class='ocrx_word' id='word_1_464' title='bbox 2568 2685 2614 2729; x_wconf 89' lang='lat' dir='ltr'><strong>et</strong></span> <span class='ocrx_word' id='word_1_465' title='bbox 2644 2691 2737 2745; x_wconf 87' lang='lat' dir='ltr'><strong>per</strong></span> <span class='ocrx_word' id='word_1_466' title='bbox 2758 2666 2958 2745; x_wconf 79' lang='lat' dir='ltr'><strong>ipsum,</strong></span> <span class='ocrx_word' id='word_1_467' title='bbox 2982 2683 3030 2728; x_wconf 90' lang='lat' dir='ltr'><strong>et</strong></span> <span class='ocrx_word' id='word_1_468' title='bbox 3058 2673 3113 2727; x_wconf 87' lang='lat' dir='ltr'><strong>in</strong></span> <span class='ocrx_word' id='word_1_469' title='bbox 3149 2673 3261 2745; x_wconf 82' lang='lat' dir='ltr'><strong>ipso</strong></span> <span class='ocrx_word' id='word_1_470' title='bbox 3283 2658 3477 2726; x_wconf 84' lang='lat' dir='ltr'><strong>omnia.</strong></span> <span class='ocrx_word' id='word_1_471' title='bbox 3513 2668 3592 2722; x_wconf 78' lang='lat' dir='ltr'><strong>Ea:</strong></span> 
     </span>
    </p>
   </div>
   <div class='ocr_carea' id='block_1_59' title="bbox 2006 2754 3697 2847">
    <p class='ocr_par' dir='ltr' id='par_1_59' title="bbox 2006 2754 3697 2847">
     <span class='ocr_line' id='line_1_59' title="bbox 2006 2754 3697 2847; baseline -0.002 -24"><span class='ocrx_word' id='word_1_472' title='bbox 2006 2754 2143 2847; x_wconf 82' lang='lat' dir='ltr'><strong>ipso,</strong></span> <span class='ocrx_word' id='word_1_473' title='bbox 2174 2767 2361 2838; x_wconf 61' lang='lat' dir='ltr'><strong>prima:</strong></span> <span class='ocrx_word' id='word_1_474' title='bbox 2387 2761 2678 2822; x_wconf 82' lang='lat' dir='ltr'><strong>cr&#39;eationis</strong></span> <span class='ocrx_word' id='word_1_475' title='bbox 2699 2766 2961 2831; x_wconf 90' lang='lat' dir='ltr'><strong>omnium,</strong></span> <span class='ocrx_word' id='word_1_476' title='bbox 2992 2772 3047 2818; x_wconf 91' lang='lat' dir='ltr'><strong>et</strong></span> <span class='ocrx_word' id='word_1_477' title='bbox 3088 2764 3194 2821; x_wconf 91' lang='lat' dir='ltr'><strong>hoc</strong></span> <span class='ocrx_word' id='word_1_478' title='bbox 3240 2762 3416 2833; x_wconf 91' lang='lat' dir='ltr'><strong>ipsum</strong></span> <span class='ocrx_word' id='word_1_479' title='bbox 3445 2759 3587 2829; x_wconf 93' lang='lat' dir='ltr'><strong>quod</strong></span> <span class='ocrx_word' id='word_1_480' title='bbox 3676 2803 3697 2819; x_wconf 94' lang='lat'><strong>.</strong></span> 
     </span>
    </p>
   </div>
   <div class='ocr_carea' id='block_1_60' title="bbox 2008 2852 3591 2936">
    <p class='ocr_par' dir='ltr' id='par_1_60' title="bbox 2008 2852 3591 2936">
     <span class='ocr_line' id='line_1_60' title="bbox 2008 2852 3591 2936; baseline -0.006 -20"><span class='ocrx_word' id='word_1_481' title='bbox 2008 2877 2132 2932; x_wconf 78' lang='lat' dir='ltr'><strong>quae</strong></span> <span class='ocrx_word' id='word_1_482' title='bbox 2150 2868 2294 2926; x_wconf 90' lang='lat' dir='ltr'><strong>sunt,</strong></span> <span class='ocrx_word' id='word_1_483' title='bbox 2308 2875 2375 2915; x_wconf 85' lang='lat' dir='ltr'><strong>ex</strong></span> <span class='ocrx_word' id='word_1_484' title='bbox 2392 2860 2503 2915; x_wconf 89' lang='lat' dir='ltr'><strong>Deo</strong></span> <span class='ocrx_word' id='word_1_485' title='bbox 2521 2874 2642 2916; x_wconf 89' lang='lat' dir='ltr'><strong>esse</strong></span> <span class='ocrx_word' id='word_1_486' title='bbox 2662 2866 2965 2930; x_wconf 70' lang='lat' dir='ltr'><strong>cmperunt,</strong></span> <span class='ocrx_word' id='word_1_487' title='bbox 2983 2854 3399 2936; x_wconf 72' lang='lat' dir='ltr'><strong>signiﬁcantiam‘</strong></span> <span class='ocrx_word' id='word_1_488' title='bbox 3415 2852 3591 2919; x_wconf 89' lang='lat' dir='ltr'><strong>dedit;</strong></span> 
     </span>
    </p>
   </div>
   <div class='ocr_carea' id='block_1_61' title="bbox 2010 2948 3595 3027">
    <p class='ocr_par' dir='ltr' id='par_1_61' title="bbox 2010 2948 3595 3027">
     <span class='ocr_line' id='line_1_61' title="bbox 2010 2948 3595 3027; baseline -0.007 -18"><span class='ocrx_word' id='word_1_489' title='bbox 2010 2971 2104 3027; x_wconf 83' lang='lat' dir='ltr'><strong>per</strong></span> <span class='ocrx_word' id='word_1_490' title='bbox 2130 2955 2326 3024; x_wconf 85' lang='lat' dir='ltr'><strong>ipsum,</strong></span> <span class='ocrx_word' id='word_1_491' title='bbox 2355 2953 2500 3025; x_wconf 93' lang='lat' dir='ltr'><strong>quod</strong></span> <span class='ocrx_word' id='word_1_492' title='bbox 2526 2968 2591 3008; x_wconf 89' lang='lat' dir='ltr'><strong>ea</strong></span> <span class='ocrx_word' id='word_1_493' title='bbox 2616 2966 2736 3021; x_wconf 67' lang='lat' dir='ltr'><strong>qua:</strong></span> <span class='ocrx_word' id='word_1_494' title='bbox 2767 2951 2919 3022; x_wconf 90' lang='lat' dir='ltr'><strong>prius</strong></span> <span class='ocrx_word' id='word_1_495' title='bbox 2944 2949 3090 3005; x_wconf 88' lang='lat' dir='ltr'><strong>facta</strong></span> <span class='ocrx_word' id='word_1_496' title='bbox 3117 2948 3352 3012; x_wconf 78' lang='lat' dir='ltr'><strong>fuerant,</strong></span> <span class='ocrx_word' id='word_1_497' title='bbox 3395 2959 3595 3016; x_wconf 88' lang='lat' dir='ltr'><strong>regun-</strong></span> 
     </span>
    </p>
   </div>
   <div class='ocr_carea' id='block_1_62' title="bbox 2014 3028 3600 3117">
    <p class='ocr_par' dir='ltr' id='par_1_62' title="bbox 2014 3028 3600 3117">
     <span class='ocr_line' id='line_1_62' title="bbox 2014 3028 3600 3117; baseline -0.009 -14"><span class='ocrx_word' id='word_1_498' title='bbox 2014 3038 2104 3103; x_wconf 80' lang='lat' dir='ltr'><strong>tur</strong></span> <span class='ocrx_word' id='word_1_499' title='bbox 2130 3055 2187 3102; x_wconf 93' lang='lat' dir='ltr'><strong>et</strong></span> <span class='ocrx_word' id='word_1_500' title='bbox 2206 3047 2590 3117; x_wconf 87' lang='lat' dir='ltr'><strong>dispensantur</strong></span> <span class='ocrx_word' id='word_1_501' title='bbox 2617 3059 2713 3116; x_wconf 91' lang='lat' dir='ltr'><strong>per</strong></span> <span class='ocrx_word' id='word_1_502' title='bbox 2737 3028 2864 3100; x_wconf 86' lang='lat' dir='ltr'><strong>eum</strong></span> <span class='ocrx_word' id='word_1_503' title='bbox 2889 3033 2935 3097; x_wconf 30' lang='lat' dir='ltr'><strong>&#39;a</strong></span> <span class='ocrx_word' id='word_1_504' title='bbox 2962 3056 3089 3112; x_wconf 48' lang='lat' dir='ltr'><strong>,quo</strong></span> <span class='ocrx_word' id='word_1_505' title='bbox 3130 3037 3455 3096; x_wconf 89' lang='lat' dir='ltr'><strong>subsistendi</strong></span> <span class='ocrx_word' id='word_1_506' title='bbox 3496 3035 3600 3111; x_wconf 86' lang='lat' dir='ltr'><strong>ini-</strong></span> 
     </span>
    </p>
   </div>
   <div class='ocr_carea' id='block_1_63' title="bbox 2008 3124 3600 3213">
    <p class='ocr_par' dir='ltr' id='par_1_63' title="bbox 2008 3124 3600 3213">
     <span class='ocr_line' id='line_1_63' title="bbox 2008 3124 3600 3213; baseline -0.011 -19"><span class='ocrx_word' id='word_1_507' title='bbox 2008 3127 2152 3194; x_wconf 78' lang='lat' dir='ltr'><strong>tium</strong></span> <span class='ocrx_word' id='word_1_508' title='bbox 2178 3137 2537 3202; x_wconf 88' lang='lat' dir='ltr'><strong>subtrahunt;</strong></span> <span class='ocrx_word' id='word_1_509' title='bbox 2576 3135 2631 3189; x_wconf 89' lang='lat' dir='ltr'><strong>in</strong></span> <span class='ocrx_word' id='word_1_510' title='bbox 2654 3124 2787 3206; x_wconf 83' lang='lat' dir='ltr'><strong>ipso,</strong></span> <span class='ocrx_word' id='word_1_511' title='bbox 2818 3131 2961 3213; x_wconf 87' lang='lat' dir='ltr'><strong>quod</strong></span> <span class='ocrx_word' id='word_1_512' title='bbox 2993 3132 3047 3186; x_wconf 92' lang='lat' dir='ltr'><strong>hi</strong></span> <span class='ocrx_word' id='word_1_513' title='bbox 3075 3130 3169 3201; x_wconf 87' lang='lat' dir='ltr'><strong>qui</strong></span> <span class='ocrx_word' id='word_1_514' title='bbox 3222 3128 3337 3199; x_wconf 87' lang='lat' dir='ltr'><strong>jam</strong></span> <span class='ocrx_word' id='word_1_515' title='bbox 3368 3124 3600 3182; x_wconf 90' lang='lat' dir='ltr'><strong>correcti</strong></span> 
     </span>
    </p>
   </div>
   <div class='ocr_carea' id='block_1_64' title="bbox 320 3214 3598 3314">
    <p class='ocr_par' dir='ltr' id='par_1_64' title="bbox 320 3214 3598 3314">
     <span class='ocr_line' id='line_1_64' title="bbox 320 3214 3598 3314; baseline -0.007 -23"><span class='ocrx_word' id='word_1_516' title='bbox 320 3240 441 3297; x_wconf 88' lang='lat' dir='ltr'><strong>Nec</strong></span> <span class='ocrx_word' id='word_1_517' title='bbox 466 3239 612 3295; x_wconf 85' lang='lat' dir='ltr'><strong>aliud</strong></span> <span class='ocrx_word' id='word_1_518' title='bbox 643 3238 935 3310; x_wconf 86' lang='lat' dir='ltr'><strong>quidquam</strong></span> <span class='ocrx_word' id='word_1_519' title='bbox 960 3214 1288 3295; x_wconf 60' lang='lat' dir='ltr'><strong>describitur</strong></span> <span class='ocrx_word' id='word_1_520' title='bbox 1325 3236 1451 3294; x_wconf 82' lang='lat' dir='ltr'><strong>boni</strong></span> <span class='ocrx_word' id='word_1_521' title='bbox 1485 3214 1665 3307; x_wconf 68' lang='lat' dir='ltr'><strong>operis</strong></span> <span class='ocrx_word' id='word_1_522' title='bbox 1701 3236 1818 3307; x_wconf 79' lang='lat' dir='ltr'><strong>ejus</strong></span> <span class='ocrx_word' id='word_1_523' title='bbox 1855 3214 1913 3293; x_wconf 69' lang='lat' dir='ltr'><strong>in</strong></span> <span class='ocrx_word' id='word_1_524' title='bbox 1940 3214 2074 3314; x_wconf 83' lang='lat' dir='ltr'><strong>Cet</strong></span> <span class='ocrx_word' id='word_1_525' title='bbox 2094 3225 2371 3285; x_wconf 87' lang='lat' dir='ltr'><strong>emendati</strong></span> <span class='ocrx_word' id='word_1_526' title='bbox 2414 3233 2579 3291; x_wconf 90' lang='lat' dir='ltr'><strong>sunt,</strong></span> <span class='ocrx_word' id='word_1_527' title='bbox 2608 3225 2663 3279; x_wconf 92' lang='lat' dir='ltr'><strong>in</strong></span> <span class='ocrx_word' id='word_1_528' title='bbox 2690 3224 2860 3294; x_wconf 91' lang='lat' dir='ltr'><strong>ipsius</strong></span> <span class='ocrx_word' id='word_1_529' title='bbox 2899 3220 3234 3297; x_wconf 83' lang='lat' dir='ltr'><strong>perfectione</strong></span> <span class='ocrx_word' id='word_1_530' title='bbox 3274 3216 3598 3314; x_wconf 64' lang='lat' dir='ltr'><strong>consistunt.</strong></span> 
     </span>
    </p>
   </div>
   <div class='ocr_carea' id='block_1_65' title="bbox 320 3330 1910 3402">
    <p class='ocr_par' dir='ltr' id='par_1_65' title="bbox 320 3330 1910 3402">
     <span class='ocr_line' id='line_1_65' title="bbox 320 3330 1910 3402; baseline -0.001 -15"><span class='ocrx_word' id='word_1_531' title='bbox 320 3330 639 3402; x_wconf 83' lang='lat' dir='ltr'><strong>Evangeliis</strong></span> <span class='ocrx_word' id='word_1_532' title='bbox 663 3369 680 3397; x_wconf 88' lang='lat'><strong>,</strong></span> <span class='ocrx_word' id='word_1_533' title='bbox 726 3331 820 3387; x_wconf 93' lang='lat' dir='ltr'><strong>sed</strong></span> <span class='ocrx_word' id='word_1_534' title='bbox 865 3346 965 3401; x_wconf 91' lang='lat' dir='ltr'><strong>pro</strong></span> <span class='ocrx_word' id='word_1_535' title='bbox 995 3331 1099 3387; x_wconf 89' lang='lat' dir='ltr'><strong>hac</strong></span> <span class='ocrx_word' id='word_1_536' title='bbox 1126 3332 1239 3387; x_wconf 86' lang='lat' dir='ltr'><strong>sola</strong></span> <span class='ocrx_word' id='word_1_537' title='bbox 1269 3331 1374 3386; x_wconf 89' lang='lat' dir='ltr'><strong>ﬁde</strong></span> <span class='ocrx_word' id='word_1_538' title='bbox 1406 3332 1483 3386; x_wconf 89' lang='lat' dir='ltr'><strong>ait</strong></span> <span class='ocrx_word' id='word_1_539' title='bbox 1520 3332 1573 3387; x_wconf 91' lang='lat' dir='ltr'><strong>ei</strong></span> <span class='ocrx_word' id='word_1_540' title='bbox 1610 3332 1871 3387; x_wconf 90' lang='lat' dir='ltr'><strong>Dominus</strong></span> <span class='ocrx_word' id='word_1_541' title='bbox 1897 3349 1910 3385; x_wconf 90' lang='lat'><strong>:</strong></span> 
     </span>
    </p>
   </div>
   <div class='ocr_carea' id='block_1_66' title="bbox 324 3420 1913 3495">
    <p class='ocr_par' dir='ltr' id='par_1_66' title="bbox 324 3420 1913 3495">
     <span class='ocr_line' id='line_1_66' title="bbox 324 3420 1913 3495; baseline 0.001 -18"><span class='ocrx_word' id='word_1_542' title='bbox 324 3425 499 3477; x_wconf 85' lang='lat' dir='ltr'><strong>Amen</strong></span> <span class='ocrx_word' id='word_1_543' title='bbox 522 3420 641 3475; x_wconf 83' lang='lat' dir='ltr'><strong>dico</strong></span> <span class='ocrx_word' id='word_1_544' title='bbox 668 3421 783 3487; x_wconf 84' lang='lat' dir='ltr'><strong>tibi,</strong></span> <span class='ocrx_word' id='word_1_545' title='bbox 812 3423 967 3476; x_wconf 87' lang='lat' dir='ltr'><strong>hodie</strong></span> <span class='ocrx_word' id='word_1_546' title='bbox 993 3434 1213 3476; x_wconf 73' lang='lat' dir='ltr'><strong>mecunr</strong></span> <span class='ocrx_word' id='word_1_547' title='bbox 1225 3425 1329 3476; x_wconf 84' lang='lat' dir='ltr'><strong>eris</strong></span> <span class='ocrx_word' id='word_1_548' title='bbox 1350 3423 1405 3476; x_wconf 87' lang='lat' dir='ltr'><strong>in</strong></span> <span class='ocrx_word' id='word_1_549' title='bbox 1425 3424 1671 3493; x_wconf 86' lang='lat' dir='ltr'><strong>paradiso</strong></span> <span class='ocrx_word' id='word_1_550' title='bbox 1698 3423 1913 3495; x_wconf 87' lang='lat' dir='ltr'><strong>(Ibid.).</strong></span> 
     </span>
    </p>
   </div>
   <div class='ocr_carea' id='block_1_67' title="bbox 326 3510 1917 3583">
    <p class='ocr_par' dir='ltr' id='par_1_67' title="bbox 326 3510 1917 3583">
     <span class='ocr_line' id='line_1_67' title="bbox 326 3510 1917 3583; baseline 0.003 -18"><span class='ocrx_word' id='word_1_551' title='bbox 326 3510 597 3580; x_wconf 80' lang='lat' dir='ltr'><strong>Aptemus</strong></span> <span class='ocrx_word' id='word_1_552' title='bbox 626 3526 772 3566; x_wconf 90' lang='lat' dir='ltr'><strong>nunc</strong></span> <span class='ocrx_word' id='word_1_553' title='bbox 807 3526 985 3566; x_wconf 63' lang='lat' dir='ltr'><strong>causae</strong></span> <span class='ocrx_word' id='word_1_554' title='bbox 1025 3512 1187 3580; x_wconf 87' lang='lat' dir='ltr'><strong>hujus</strong></span> <span class='ocrx_word' id='word_1_555' title='bbox 1227 3512 1456 3568; x_wconf 86' lang='lat' dir='ltr'><strong>latronis</strong></span> <span class='ocrx_word' id='word_1_556' title='bbox 1484 3513 1652 3568; x_wconf 90' lang='lat' dir='ltr'><strong>verba</strong></span> <span class='ocrx_word' id='word_1_557' title='bbox 1690 3514 1917 3583; x_wconf 90' lang='lat' dir='ltr'><strong>apostoli</strong></span> 
     </span>
    </p>
   </div>
   <div class='ocr_carea' id='block_1_68' title="bbox 330 3597 1918 3675">
    <p class='ocr_par' dir='ltr' id='par_1_68' title="bbox 330 3597 1918 3675">
     <span class='ocr_line' id='line_1_68' title="bbox 330 3597 1918 3675; baseline 0.003 -20"><span class='ocrx_word' id='word_1_558' title='bbox 330 3597 489 3655; x_wconf 89' lang='lat' dir='ltr'><strong>Pauli</strong></span> <span class='ocrx_word' id='word_1_559' title='bbox 516 3640 531 3665; x_wconf 93' lang='lat'><strong>,</strong></span> <span class='ocrx_word' id='word_1_560' title='bbox 570 3607 627 3653; x_wconf 90' lang='lat' dir='ltr'><strong>et</strong></span> <span class='ocrx_word' id='word_1_561' title='bbox 654 3599 896 3656; x_wconf 91' lang='lat' dir='ltr'><strong>dicamus</strong></span> <span class='ocrx_word' id='word_1_562' title='bbox 921 3601 990 3655; x_wconf 89' lang='lat' dir='ltr'><strong>ad</strong></span> <span class='ocrx_word' id='word_1_563' title='bbox 1017 3600 1261 3657; x_wconf 75' lang='lat' dir='ltr'><strong>Judaeum</strong></span> <span class='ocrx_word' id='word_1_564' title='bbox 1293 3620 1305 3656; x_wconf 91' lang='lat'><strong>:</strong></span> <span class='ocrx_word' id='word_1_565' title='bbox 1342 3600 1441 3656; x_wconf 89' lang='lat' dir='ltr'><strong>Ubi</strong></span> <span class='ocrx_word' id='word_1_566' title='bbox 1466 3613 1541 3658; x_wconf 89' lang='lat' dir='ltr'><strong>est</strong></span> <span class='ocrx_word' id='word_1_567' title='bbox 1574 3620 1695 3674; x_wconf 89' lang='lat' dir='ltr'><strong>ergo</strong></span> <span class='ocrx_word' id='word_1_568' title='bbox 1719 3604 1918 3675; x_wconf 86' lang='lat' dir='ltr'><strong>gloria-</strong></span> 
     </span>
    </p>
   </div>
   <div class='ocr_carea' id='block_1_69' title="bbox 334 3687 1921 3759">
    <p class='ocr_par' dir='ltr' id='par_1_69' title="bbox 334 3687 1921 3759">
     <span class='ocr_line' id='line_1_69' title="bbox 334 3687 1921 3759; baseline 0.003 -15"><span class='ocrx_word' id='word_1_569' title='bbox 334 3691 421 3745; x_wconf 82' lang='lat' dir='ltr'><strong>tio‘</strong></span> <span class='ocrx_word' id='word_1_570' title='bbox 434 3698 528 3743; x_wconf 86' lang='lat' dir='ltr'><strong>tua</strong></span> <span class='ocrx_word' id='word_1_571' title='bbox 543 3688 570 3742; x_wconf 67' lang='grc'><strong><em>2</em></strong></span> <span class='ocrx_word' id='word_1_572' title='bbox 591 3687 832 3756; x_wconf 83' lang='lat' dir='ltr'><strong>Certum,</strong></span> <span class='ocrx_word' id='word_1_573' title='bbox 859 3690 987 3759; x_wconf 90' lang='lat' dir='ltr'><strong>quia</strong></span> <span class='ocrx_word' id='word_1_574' title='bbox 1009 3691 1227 3746; x_wconf 85' lang='lat' dir='ltr'><strong>exclusa</strong></span> <span class='ocrx_word' id='word_1_575' title='bbox 1251 3700 1365 3757; x_wconf 82' lang='lat' dir='ltr'><strong>est;</strong></span> <span class='ocrx_word' id='word_1_576' title='bbox 1396 3693 1611 3748; x_wconf 80' lang='lat' dir='ltr'><strong>exclusa</strong></span> <span class='ocrx_word' id='word_1_577' title='bbox 1634 3702 1719 3749; x_wconf 89' lang='lat' dir='ltr'><strong>est</strong></span> <span class='ocrx_word' id='word_1_578' title='bbox 1740 3703 1921 3750; x_wconf 91' lang='lat' dir='ltr'><strong>autem</strong></span> 
     </span>
    </p>
   </div>
   <div class='ocr_carea' id='block_1_70' title="bbox 337 3776 1924 3863">
    <p class='ocr_par' dir='ltr' id='par_1_70' title="bbox 337 3776 1924 3863">
     <span class='ocr_line' id='line_1_70' title="bbox 337 3776 1924 3863; baseline 0.003 -22"><span class='ocrx_word' id='word_1_579' title='bbox 337 3776 453 3841; x_wconf 89' lang='lat' dir='ltr'><strong>non</strong></span> <span class='ocrx_word' id='word_1_580' title='bbox 480 3800 579 3855; x_wconf 85' lang='lat' dir='ltr'><strong>per</strong></span> <span class='ocrx_word' id='word_1_581' title='bbox 608 3784 781 3856; x_wconf 89' lang='lat' dir='ltr'><strong>legem</strong></span> <span class='ocrx_word' id='word_1_582' title='bbox 823 3800 1086 3855; x_wconf 90' lang='lat' dir='ltr'><strong>operum,</strong></span> <span class='ocrx_word' id='word_1_583' title='bbox 1135 3787 1229 3842; x_wconf 90' lang='lat' dir='ltr'><strong>sed</strong></span> <span class='ocrx_word' id='word_1_584' title='bbox 1266 3803 1362 3857; x_wconf 91' lang='lat' dir='ltr'><strong>per</strong></span> <span class='ocrx_word' id='word_1_585' title='bbox 1402 3789 1574 3860; x_wconf 91' lang='lat' dir='ltr'><strong>legem</strong></span> <span class='ocrx_word' id='word_1_586' title='bbox 1618 3789 1775 3856; x_wconf 88' lang='lat' dir='ltr'><strong>ﬁdei;</strong></span> <span class='ocrx_word' id='word_1_587' title='bbox 1826 3806 1924 3863; x_wconf 90' lang='lat' dir='ltr'><strong>per</strong></span> 
     </span>
    </p>
   </div>
   <div class='ocr_carea' id='block_1_71' title="bbox 337 3875 1925 3952">
    <p class='ocr_par' dir='ltr' id='par_1_71' title="bbox 337 3875 1925 3952">
     <span class='ocr_line' id='line_1_71' title="bbox 337 3875 1925 3952; baseline 0.004 -21"><span class='ocrx_word' id='word_1_588' title='bbox 337 3875 503 3931; x_wconf 87' lang='lat' dir='ltr'><strong>ﬁdem</strong></span> <span class='ocrx_word' id='word_1_589' title='bbox 542 3876 688 3930; x_wconf 91' lang='lat' dir='ltr'><strong>enim</strong></span> <span class='ocrx_word' id='word_1_590' title='bbox 711 3875 1046 3947; x_wconf 87' lang='lat' dir='ltr'><strong>justiﬁcatus</strong></span> <span class='ocrx_word' id='word_1_591' title='bbox 1073 3885 1159 3933; x_wconf 88' lang='lat' dir='ltr'><strong>est</strong></span> <span class='ocrx_word' id='word_1_592' title='bbox 1200 3878 1291 3933; x_wconf 87' lang='lat' dir='ltr'><strong>hic</strong></span> <span class='ocrx_word' id='word_1_593' title='bbox 1321 3878 1463 3936; x_wconf 86' lang='lat' dir='ltr'><strong>latro</strong></span> <span class='ocrx_word' id='word_1_594' title='bbox 1509 3881 1627 3937; x_wconf 90' lang='lat' dir='ltr'><strong>sine</strong></span> <span class='ocrx_word' id='word_1_595' title='bbox 1670 3882 1925 3952; x_wconf 90' lang='lat' dir='ltr'><strong>operibus</strong></span> 
     </span>
    </p>
   </div>
   <div class='ocr_carea' id='block_1_72' title="bbox 338 3964 1927 4045">
    <p class='ocr_par' dir='ltr' id='par_1_72' title="bbox 338 3964 1927 4045">
     <span class='ocr_line' id='line_1_72' title="bbox 338 3964 1927 4045; baseline 0.006 -24"><span class='ocrx_word' id='word_1_596' title='bbox 338 3964 500 4038; x_wconf 89' lang='lat' dir='ltr'><strong>legis,</strong></span> <span class='ocrx_word' id='word_1_597' title='bbox 528 3966 657 4037; x_wconf 87' lang='lat' dir='ltr'><strong>quia</strong></span> <span class='ocrx_word' id='word_1_598' title='bbox 682 3982 845 4038; x_wconf 91' lang='lat' dir='ltr'><strong>super</strong></span> <span class='ocrx_word' id='word_1_599' title='bbox 886 3969 991 4024; x_wconf 90' lang='lat' dir='ltr'><strong>hoc</strong></span> <span class='ocrx_word' id='word_1_600' title='bbox 1029 3969 1289 4027; x_wconf 88' lang='lat' dir='ltr'><strong>Dominus</strong></span> <span class='ocrx_word' id='word_1_601' title='bbox 1319 3986 1427 4026; x_wconf 91' lang='lat' dir='ltr'><strong>non</strong></span> <span class='ocrx_word' id='word_1_602' title='bbox 1472 3973 1757 4043; x_wconf 85' lang='lat' dir='ltr'><strong>requisivit</strong></span> <span class='ocrx_word' id='word_1_603' title='bbox 1797 3975 1927 4045; x_wconf 92' lang='lat' dir='ltr'><strong>quid</strong></span> 
     </span>
    </p>
   </div>
   <div class='ocr_carea' id='block_1_73' title="bbox 319 4057 1925 4136">
    <p class='ocr_par' dir='ltr' id='par_1_73' title="bbox 319 4057 1925 4136">
     <span class='ocr_line' id='line_1_73' title="bbox 319 4057 1925 4136; baseline 0.005 -24"><span class='ocrx_word' id='word_1_604' title='bbox 319 4057 493 4132; x_wconf 82' lang='lat' dir='ltr'><strong>prius</strong></span> <span class='ocrx_word' id='word_1_605' title='bbox 528 4066 785 4129; x_wconf 90' lang='lat' dir='ltr'><strong>operatus</strong></span> <span class='ocrx_word' id='word_1_606' title='bbox 813 4068 991 4128; x_wconf 89' lang='lat' dir='ltr'><strong>esset,</strong></span> <span class='ocrx_word' id='word_1_607' title='bbox 1016 4076 1117 4117; x_wconf 89' lang='lat' dir='ltr'><strong>nec</strong></span> <span class='ocrx_word' id='word_1_608' title='bbox 1154 4064 1489 4132; x_wconf 80' lang='lat' dir='ltr'><strong>exspectavit</strong></span> <span class='ocrx_word' id='word_1_609' title='bbox 1534 4064 1664 4134; x_wconf 92' lang='lat' dir='ltr'><strong>quid</strong></span> <span class='ocrx_word' id='word_1_610' title='bbox 1700 4066 1883 4136; x_wconf 86' lang='lat' dir='ltr'><strong>operis</strong></span> <span class='ocrx_word' id='word_1_611' title='bbox 1908 4105 1925 4133; x_wconf 93' lang='lat'><strong>,</strong></span> 
     </span>
    </p>
   </div>
   <div class='ocr_carea' id='block_1_74' title="bbox 342 4149 1928 4226">
    <p class='ocr_par' dir='ltr' id='par_1_74' title="bbox 342 4149 1928 4226">
     <span class='ocr_line' id='line_1_74' title="bbox 342 4149 1928 4226; baseline 0.004 -22"><span class='ocrx_word' id='word_1_612' title='bbox 342 4163 468 4204; x_wconf 90' lang='lat' dir='ltr'><strong>cum</strong></span> <span class='ocrx_word' id='word_1_613' title='bbox 509 4149 846 4217; x_wconf 87' lang='lat' dir='ltr'><strong>credidisset,</strong></span> <span class='ocrx_word' id='word_1_614' title='bbox 885 4150 1145 4222; x_wconf 77' lang='lat' dir='ltr'><strong>expleret,</strong></span> <span class='ocrx_word' id='word_1_615' title='bbox 1184 4152 1279 4208; x_wconf 89' lang='lat' dir='ltr'><strong>sed</strong></span> <span class='ocrx_word' id='word_1_616' title='bbox 1321 4154 1437 4209; x_wconf 88' lang='lat' dir='ltr'><strong>sola</strong></span> <span class='ocrx_word' id='word_1_617' title='bbox 1480 4153 1818 4213; x_wconf 86' lang='lat' dir='ltr'><strong>confessione</strong></span> <span class='ocrx_word' id='word_1_618' title='bbox 1837 4155 1928 4226; x_wconf 92' lang='lat' dir='ltr'><strong>ju-</strong></span> 
     </span>
    </p>
   </div>
   <div class='ocr_carea' id='block_1_75' title="bbox 344 4230 1932 4318">
    <p class='ocr_par' dir='ltr' id='par_1_75' title="bbox 344 4230 1932 4318">
     <span class='ocr_line' id='line_1_75' title="bbox 344 4230 1932 4318; baseline 0.004 -24"><span class='ocrx_word' id='word_1_619' title='bbox 344 4238 637 4295; x_wconf 88' lang='lat' dir='ltr'><strong>stiﬁcatum</strong></span> <span class='ocrx_word' id='word_1_620' title='bbox 678 4243 931 4297; x_wconf 88' lang='lat' dir='ltr'><strong>comitem</strong></span> <span class='ocrx_word' id='word_1_621' title='bbox 983 4242 1086 4297; x_wconf 89' lang='lat' dir='ltr'><strong>sibi</strong></span> <span class='ocrx_word' id='word_1_622' title='bbox 1135 4257 1261 4298; x_wconf 90' lang='lat' dir='ltr'><strong>eum</strong></span> <span class='ocrx_word' id='word_1_623' title='bbox 1303 4245 1616 4316; x_wconf 89' lang='lat' dir='ltr'><strong>paradisum</strong></span> <span class='ocrx_word' id='word_1_624' title='bbox 1658 4230 1932 4318; x_wconf 44' lang='lat' dir='ltr'><strong>ingressu;</strong></span> 
     </span>
    </p>
   </div>
   <div class='ocr_carea' id='block_1_76' title="bbox 346 4322 1932 4406">
    <p class='ocr_par' dir='ltr' id='par_1_76' title="bbox 346 4322 1932 4406">
     <span class='ocr_line' id='line_1_76' title="bbox 346 4322 1932 4406; baseline 0.004 -20"><span class='ocrx_word' id='word_1_625' title='bbox 346 4345 442 4386; x_wconf 90' lang='lat' dir='ltr'><strong>rus</strong></span> <span class='ocrx_word' id='word_1_626' title='bbox 464 4332 780 4402; x_wconf 87' lang='lat' dir='ltr'><strong>assumpsit.</strong></span> <span class='ocrx_word' id='word_1_627' title='bbox 816 4331 943 4387; x_wconf 88' lang='lat' dir='ltr'><strong>Sola</strong></span> <span class='ocrx_word' id='word_1_628' title='bbox 988 4332 1156 4404; x_wconf 88' lang='lat' dir='ltr'><strong>igitur</strong></span> <span class='ocrx_word' id='word_1_629' title='bbox 1190 4334 1337 4405; x_wconf 88' lang='lat' dir='ltr'><strong>justa</strong></span> <span class='ocrx_word' id='word_1_630' title='bbox 1362 4335 1614 4406; x_wconf 88' lang='lat' dir='ltr'><strong>gloriatio</strong></span> <span class='ocrx_word' id='word_1_631' title='bbox 1632 4322 1727 4392; x_wconf 86' lang='lat' dir='ltr'><strong>est</strong></span> <span class='ocrx_word' id='word_1_632' title='bbox 1748 4322 1806 4392; x_wconf 65' lang='lat' dir='ltr'><strong>in~</strong></span> <span class='ocrx_word' id='word_1_633' title='bbox 1825 4336 1932 4392; x_wconf 89' lang='lat' dir='ltr'><strong>ﬁde</strong></span> 
     </span>
    </p>
   </div>
   <div class='ocr_carea' id='block_1_77' title="bbox 348 4423 1935 4501">
    <p class='ocr_par' dir='ltr' id='par_1_77' title="bbox 348 4423 1935 4501">
     <span class='ocr_line' id='line_1_77' title="bbox 348 4423 1935 4501; baseline 0.002 -20"><span class='ocrx_word' id='word_1_634' title='bbox 348 4425 527 4481; x_wconf 88' lang='lat' dir='ltr'><strong>crucis</strong></span> <span class='ocrx_word' id='word_1_635' title='bbox 565 4423 814 4492; x_wconf 88' lang='lat' dir='ltr'><strong>Christi,</strong></span> <span class='ocrx_word' id='word_1_636' title='bbox 855 4441 976 4495; x_wconf 72' lang='lat' dir='ltr'><strong>qua:</strong></span> <span class='ocrx_word' id='word_1_637' title='bbox 1011 4426 1250 4483; x_wconf 77' lang='lat' dir='ltr'><strong>excludit</strong></span> <span class='ocrx_word' id='word_1_638' title='bbox 1285 4443 1502 4484; x_wconf 90' lang='lat' dir='ltr'><strong>omnem</strong></span> <span class='ocrx_word' id='word_1_639' title='bbox 1546 4430 1693 4496; x_wconf 78' lang='lat' dir='ltr'><strong>illam</strong></span> <span class='ocrx_word' id='word_1_640' title='bbox 1733 4430 1935 4501; x_wconf 90' lang='lat' dir='ltr'><strong>gloria-</strong></span> 
     </span>
    </p>
   </div>
   <div class='ocr_carea' id='block_1_78' title="bbox 351 4515 1934 4590">
    <p class='ocr_par' dir='ltr' id='par_1_78' title="bbox 351 4515 1934 4590">
     <span class='ocr_line' id='line_1_78' title="bbox 351 4515 1934 4590; baseline 0.005 -21"><span class='ocrx_word' id='word_1_641' title='bbox 351 4515 574 4580; x_wconf 91' lang='lat' dir='ltr'><strong>tionem,</strong></span> <span class='ocrx_word' id='word_1_642' title='bbox 598 4531 718 4584; x_wconf 81' lang='lat' dir='ltr'><strong>quae</strong></span> <span class='ocrx_word' id='word_1_643' title='bbox 741 4516 1020 4571; x_wconf 89' lang='lat' dir='ltr'><strong>descendit</strong></span> <span class='ocrx_word' id='word_1_644' title='bbox 1044 4530 1111 4571; x_wconf 87' lang='lat' dir='ltr'><strong>ex</strong></span> <span class='ocrx_word' id='word_1_645' title='bbox 1139 4517 1394 4587; x_wconf 90' lang='lat' dir='ltr'><strong>operibus</strong></span> <span class='ocrx_word' id='word_1_646' title='bbox 1411 4518 1566 4590; x_wconf 91' lang='lat' dir='ltr'><strong>legis.</strong></span> <span class='ocrx_word' id='word_1_647' title='bbox 1596 4520 1722 4577; x_wconf 69' lang='lat' dir='ltr'><strong>Hmc</strong></span> <span class='ocrx_word' id='word_1_648' title='bbox 1751 4529 1934 4577; x_wconf 88' lang='lat' dir='ltr'><strong>autem</strong></span> 
     </span>
    </p>
   </div>
   <div class='ocr_carea' id='block_1_79' title="bbox 350 4605 1963 4684">
    <p class='ocr_par' dir='ltr' id='par_1_79' title="bbox 350 4605 1963 4684">
     <span class='ocr_line' id='line_1_79' title="bbox 350 4605 1963 4684; baseline 0.006 -25"><span class='ocrx_word' id='word_1_649' title='bbox 350 4605 510 4660; x_wconf 85' lang='lat' dir='ltr'><strong>nobis</strong></span> <span class='ocrx_word' id='word_1_650' title='bbox 534 4606 682 4661; x_wconf 88' lang='lat' dir='ltr'><strong>dicta</strong></span> <span class='ocrx_word' id='word_1_651' title='bbox 704 4618 830 4662; x_wconf 89' lang='lat' dir='ltr'><strong>sunt</strong></span> <span class='ocrx_word' id='word_1_652' title='bbox 853 4624 953 4678; x_wconf 92' lang='lat' dir='ltr'><strong>pro</strong></span> <span class='ocrx_word' id='word_1_653' title='bbox 978 4623 1047 4663; x_wconf 92' lang='lat' dir='ltr'><strong>eo</strong></span> <span class='ocrx_word' id='word_1_654' title='bbox 1075 4610 1220 4679; x_wconf 92' lang='lat' dir='ltr'><strong>quod</strong></span> <span class='ocrx_word' id='word_1_655' title='bbox 1258 4618 1516 4681; x_wconf 90' lang='lat' dir='ltr'><strong>tanquam</strong></span> <span class='ocrx_word' id='word_1_656' title='bbox 1550 4613 1934 4684; x_wconf 86' lang='lat' dir='ltr'><strong>interrogantis</strong></span> <span class='ocrx_word' id='word_1_657' title='bbox 1960 4614 1963 4633; x_wconf 74' lang='lat'><em>‘</em></span> 
     </span>
    </p>
   </div>
   <div class='ocr_carea' id='block_1_80' title="bbox 354 4696 1936 4774">
    <p class='ocr_par' dir='ltr' id='par_1_80' title="bbox 354 4696 1936 4774">
     <span class='ocr_line' id='line_1_80' title="bbox 354 4696 1936 4774; baseline 0.005 -22"><span class='ocrx_word' id='word_1_658' title='bbox 354 4696 767 4759; x_wconf 69' lang='lat' dir='ltr'><strong>sermone‘dixit</strong></span> <span class='ocrx_word' id='word_1_659' title='bbox 789 4696 1081 4768; x_wconf 86' lang='lat' dir='ltr'><strong>Apostolus</strong></span> <span class='ocrx_word' id='word_1_660' title='bbox 1105 4718 1117 4754; x_wconf 92' lang='lat'>:</span> <span class='ocrx_word' id='word_1_661' title='bbox 1156 4699 1255 4755; x_wconf 86' lang='lat' dir='ltr'><strong>Ubi</strong></span> <span class='ocrx_word' id='word_1_662' title='bbox 1283 4710 1358 4756; x_wconf 84' lang='lat' dir='ltr'><strong>est</strong></span> <span class='ocrx_word' id='word_1_663' title='bbox 1378 4718 1499 4774; x_wconf 89' lang='lat' dir='ltr'><strong>ergo</strong></span> <span class='ocrx_word' id='word_1_664' title='bbox 1532 4703 1776 4773; x_wconf 87' lang='lat' dir='ltr'><strong>gloriatio</strong></span> <span class='ocrx_word' id='word_1_665' title='bbox 1802 4706 1936 4760; x_wconf 84' lang='lat' dir='ltr'><strong>tua?</strong></span> 
     </span>
    </p>
   </div>
   <div class='ocr_carea' id='block_1_81' title="bbox 357 4789 1937 4861">
    <p class='ocr_par' dir='ltr' id='par_1_81' title="bbox 357 4789 1937 4861">
     <span class='ocr_line' id='line_1_81' title="bbox 357 4789 1937 4861; baseline 0.004 -18"><span class='ocrx_word' id='word_1_666' title='bbox 357 4795 413 4843; x_wconf 92' lang='lat' dir='ltr'><strong>et</strong></span> <span class='ocrx_word' id='word_1_667' title='bbox 438 4789 506 4843; x_wconf 91' lang='lat' dir='ltr'><strong>ad</strong></span> <span class='ocrx_word' id='word_1_668' title='bbox 536 4789 651 4844; x_wconf 84' lang='lat' dir='ltr'><strong>haec</strong></span> <span class='ocrx_word' id='word_1_669' title='bbox 679 4789 784 4844; x_wconf 91' lang='lat' dir='ltr'><strong>sibi</strong></span> <span class='ocrx_word' id='word_1_670' title='bbox 813 4790 929 4859; x_wconf 91' lang='lat' dir='ltr'><strong>ipse</strong></span> <span class='ocrx_word' id='word_1_671' title='bbox 952 4791 1246 4861; x_wconf 86' lang='lat' dir='ltr'><strong>respondit,</strong></span> <span class='ocrx_word' id='word_1_672' title='bbox 1271 4792 1485 4847; x_wconf 72' lang='lat' dir='ltr'><strong>exclusa</strong></span> <span class='ocrx_word' id='word_1_673' title='bbox 1507 4804 1618 4861; x_wconf 87' lang='lat' dir='ltr'><strong>est;</strong></span> <span class='ocrx_word' id='word_1_674' title='bbox 1641 4802 1698 4849; x_wconf 89' lang='lat' dir='ltr'><strong>et</strong></span> <span class='ocrx_word' id='word_1_675' title='bbox 1721 4810 1937 4850; x_wconf 90' lang='lat' dir='ltr'><strong>rursum</strong></span> 
     </span>
    </p>
   </div>
   <div class='ocr_carea' id='block_1_82' title="bbox 360 4883 1940 4960">
    <p class='ocr_par' dir='ltr' id='par_1_82' title="bbox 360 4883 1940 4960">
     <span class='ocr_line' id='line_1_82' title="bbox 360 4883 1940 4960; baseline 0.004 -22"><span class='ocrx_word' id='word_1_676' title='bbox 360 4883 514 4953; x_wconf 90' lang='lat' dir='ltr'><strong>quasi</strong></span> <span class='ocrx_word' id='word_1_677' title='bbox 547 4883 663 4955; x_wconf 90' lang='lat' dir='ltr'><strong>ipse</strong></span> <span class='ocrx_word' id='word_1_678' title='bbox 687 4884 983 4957; x_wconf 84' lang='lat' dir='ltr'><strong>interroget</strong></span> <span class='ocrx_word' id='word_1_679' title='bbox 1000 4886 1096 4951; x_wconf 90' lang='lat' dir='ltr'><strong>ait,</strong></span> <span class='ocrx_word' id='word_1_680' title='bbox 1126 4885 1235 4941; x_wconf 89' lang='lat' dir='ltr'><strong>Per</strong></span> <span class='ocrx_word' id='word_1_681' title='bbox 1256 4904 1419 4959; x_wconf 88' lang='lat' dir='ltr'><strong>quam</strong></span> <span class='ocrx_word' id='word_1_682' title='bbox 1439 4886 1601 4958; x_wconf 86' lang='lat' dir='ltr'><strong>legem</strong></span> <span class='ocrx_word' id='word_1_683' title='bbox 1622 4889 1648 4942; x_wconf 72' lang='grc' dir='ltr'><strong><em>Ρ</em></strong></span> <span class='ocrx_word' id='word_1_684' title='bbox 1670 4887 1897 4960; x_wconf 88' lang='lat' dir='ltr'><strong>Operum</strong></span> <span class='ocrx_word' id='word_1_685' title='bbox 1917 4905 1940 4955; x_wconf 88' lang='lat'><strong>;</strong></span> 
     </span>
    </p>
   </div>
   <div class='ocr_carea' id='block_1_83' title="bbox 361 4977 1941 5052">
    <p class='ocr_par' dir='ltr' id='par_1_83' title="bbox 361 4977 1941 5052">
     <span class='ocr_line' id='line_1_83' title="bbox 361 4977 1941 5052; baseline 0 -17"><span class='ocrx_word' id='word_1_686' title='bbox 361 4988 417 5036; x_wconf 91' lang='lat' dir='ltr'><strong>et</strong></span> <span class='ocrx_word' id='word_1_687' title='bbox 440 4978 715 5048; x_wconf 84' lang='lat' dir='ltr'><strong>respondit</strong></span> <span class='ocrx_word' id='word_1_688' title='bbox 747 4978 850 5033; x_wconf 88' lang='lat' dir='ltr'><strong>sibi</strong></span> <span class='ocrx_word' id='word_1_689' title='bbox 873 4979 997 5050; x_wconf 82' lang='lat' dir='ltr'><strong>ipsi,</strong></span> <span class='ocrx_word' id='word_1_690' title='bbox 1030 4977 1175 5047; x_wconf 88' lang='lat' dir='ltr'><strong>Non,</strong></span> <span class='ocrx_word' id='word_1_691' title='bbox 1211 4981 1303 5034; x_wconf 87' lang='lat' dir='ltr'><strong>sed</strong></span> <span class='ocrx_word' id='word_1_692' title='bbox 1338 4997 1431 5052; x_wconf 85' lang='lat' dir='ltr'><strong>per</strong></span> <span class='ocrx_word' id='word_1_693' title='bbox 1459 4980 1621 5051; x_wconf 87' lang='lat' dir='ltr'><strong>legem</strong></span> <span class='ocrx_word' id='word_1_694' title='bbox 1652 4980 1799 5049; x_wconf 85' lang='lat' dir='ltr'><strong>ﬁdei.</strong></span> <span class='ocrx_word' id='word_1_695' title='bbox 1838 4981 1941 5035; x_wconf 63' lang='grc' dir='ltr'><strong>ΑΥ·-</strong></span> 
     </span>
    </p>
   </div>
   <div class='ocr_carea' id='block_1_84' title="bbox 365 5072 1944 5144">
    <p class='ocr_par' dir='ltr' id='par_1_84' title="bbox 365 5072 1944 5144">
     <span class='ocr_line' id='line_1_84' title="bbox 365 5072 1944 5144; baseline -0.001 -16"><span class='ocrx_word' id='word_1_696' title='bbox 365 5076 617 5129; x_wconf 87' lang='lat' dir='ltr'><strong>bitramur</strong></span> <span class='ocrx_word' id='word_1_697' title='bbox 655 5073 796 5127; x_wconf 81' lang='lat' dir='ltr'><strong>enim</strong></span> <span class='ocrx_word' id='word_1_698' title='bbox 845 5072 1134 5143; x_wconf 85' lang='lat' dir='ltr'><strong>justiﬁcari</strong></span> <span class='ocrx_word' id='word_1_699' title='bbox 1172 5073 1434 5128; x_wconf 78' lang='lat' dir='ltr'><strong>hominem</strong></span> <span class='ocrx_word' id='word_1_700' title='bbox 1474 5087 1583 5144; x_wconf 83' lang='lat' dir='ltr'><strong>per</strong></span> <span class='ocrx_word' id='word_1_701' title='bbox 1614 5072 1775 5142; x_wconf 86' lang='lat' dir='ltr'><strong>ﬁdem</strong></span> <span class='ocrx_word' id='word_1_702' title='bbox 1830 5073 1944 5128; x_wconf 84' lang='lat' dir='ltr'><strong>sine</strong></span> 
     </span>
    </p>
   </div>
   <div class='ocr_carea' id='block_1_85' title="bbox 367 5163 1945 5237">
    <p class='ocr_par' dir='ltr' id='par_1_85' title="bbox 367 5163 1945 5237">
     <span class='ocr_line' id='line_1_85' title="bbox 367 5163 1945 5237; baseline -0.001 -16"><span class='ocrx_word' id='word_1_703' title='bbox 367 5167 600 5236; x_wconf 86' lang='lat' dir='ltr'><strong>operibus</strong></span> <span class='ocrx_word' id='word_1_704' title='bbox 653 5163 803 5237; x_wconf 83' lang='lat' dir='ltr'><strong>legis.</strong></span> <span class='ocrx_word' id='word_1_705' title='bbox 838 5166 916 5221; x_wconf 87' lang='lat' dir='ltr'><strong>De</strong></span> <span class='ocrx_word' id='word_1_706' title='bbox 947 5166 1034 5222; x_wconf 86' lang='lat' dir='ltr'><strong>bis</strong></span> <span class='ocrx_word' id='word_1_707' title='bbox 1067 5164 1183 5234; x_wconf 91' lang='lat' dir='ltr'><strong>jam</strong></span> <span class='ocrx_word' id='word_1_708' title='bbox 1213 5167 1463 5237; x_wconf 90' lang='lat' dir='ltr'><strong>superius</strong></span> <span class='ocrx_word' id='word_1_709' title='bbox 1508 5166 1762 5221; x_wconf 73' lang='lat' dir='ltr'><strong>diximus.</strong></span> <span class='ocrx_word' id='word_1_710' title='bbox 1788 5164 1945 5232; x_wconf 87' lang='lat' dir='ltr'><strong>Quod</strong></span> 
     </span>
    </p>
   </div>
   <div class='ocr_carea' id='block_1_86' title="bbox 365 5256 1947 5331">
    <p class='ocr_par' dir='ltr' id='par_1_86' title="bbox 365 5256 1947 5331">
     <span class='ocr_line' id='line_1_86' title="bbox 365 5256 1947 5331; baseline -0.001 -18"><span class='ocrx_word' id='word_1_711' title='bbox 365 5271 491 5313; x_wconf 82' lang='lat' dir='ltr'><strong>vero</strong></span> <span class='ocrx_word' id='word_1_712' title='bbox 518 5260 685 5315; x_wconf 86' lang='lat' dir='ltr'><strong>etiam</strong></span> <span class='ocrx_word' id='word_1_713' title='bbox 716 5258 973 5331; x_wconf 54' lang='lat' dir='ltr'><strong>praesenti</strong></span> <span class='ocrx_word' id='word_1_714' title='bbox 1013 5257 1131 5315; x_wconf 90' lang='lat' dir='ltr'><strong>loco</strong></span> <span class='ocrx_word' id='word_1_715' title='bbox 1162 5257 1391 5314; x_wconf 90' lang='lat' dir='ltr'><strong>duarum</strong></span> <span class='ocrx_word' id='word_1_716' title='bbox 1446 5256 1629 5327; x_wconf 86' lang='lat' dir='ltr'><strong>legum</strong></span> <span class='ocrx_word' id='word_1_717' title='bbox 1675 5258 1807 5313; x_wconf 87' lang='lat' dir='ltr'><strong>facit</strong></span> <span class='ocrx_word' id='word_1_718' title='bbox 1845 5258 1947 5312; x_wconf 81' lang='lat' dir='ltr'><strong>ite-</strong></span> 
     </span>
    </p>
   </div>
   <div class='ocr_carea' id='block_1_87' title="bbox 372 5347 1945 5420">
    <p class='ocr_par' dir='ltr' id='par_1_87' title="bbox 372 5347 1945 5420">
     <span class='ocr_line' id='line_1_87' title="bbox 372 5347 1945 5420; baseline 0.001 -16"><span class='ocrx_word' id='word_1_719' title='bbox 372 5364 485 5404; x_wconf 89' lang='lat' dir='ltr'><strong>rum</strong></span> <span class='ocrx_word' id='word_1_720' title='bbox 535 5351 900 5417; x_wconf 88' lang='lat' dir='ltr'><strong>mentionem,</strong></span> <span class='ocrx_word' id='word_1_721' title='bbox 941 5357 999 5406; x_wconf 91' lang='lat' dir='ltr'><strong>et</strong></span> <span class='ocrx_word' id='word_1_722' title='bbox 1032 5348 1165 5404; x_wconf 89' lang='lat' dir='ltr'><strong>dicit</strong></span> <span class='ocrx_word' id='word_1_723' title='bbox 1204 5347 1374 5418; x_wconf 86' lang='lat' dir='ltr'><strong>legem</strong></span> <span class='ocrx_word' id='word_1_724' title='bbox 1422 5362 1648 5417; x_wconf 89' lang='lat' dir='ltr'><strong>operum</strong></span> <span class='ocrx_word' id='word_1_725' title='bbox 1684 5356 1745 5402; x_wconf 88' lang='lat' dir='ltr'><strong>et</strong></span> <span class='ocrx_word' id='word_1_726' title='bbox 1772 5347 1945 5420; x_wconf 87' lang='lat' dir='ltr'><strong>legem</strong></span> 
     </span>
    </p>
   </div>
   <div class='ocr_carea' id='block_1_88' title="bbox 373 5438 1945 5513">
    <p class='ocr_par' dir='ltr' id='par_1_88' title="bbox 373 5438 1945 5513">
     <span class='ocr_line' id='line_1_88' title="bbox 373 5438 1945 5513; baseline 0 -16"><span class='ocrx_word' id='word_1_727' title='bbox 373 5442 515 5507; x_wconf 87' lang='lat' dir='ltr'><strong>ﬁdei,</strong></span> <span class='ocrx_word' id='word_1_728' title='bbox 553 5444 841 5498; x_wconf 88' lang='lat' dir='ltr'><strong>considera</strong></span> <span class='ocrx_word' id='word_1_729' title='bbox 879 5444 1041 5499; x_wconf 88' lang='lat' dir='ltr'><strong>etiam</strong></span> <span class='ocrx_word' id='word_1_730' title='bbox 1068 5438 1305 5513; x_wconf 86' lang='lat' dir='ltr'><strong>ipsequi</strong></span> <span class='ocrx_word' id='word_1_731' title='bbox 1340 5440 1497 5511; x_wconf 89' lang='lat' dir='ltr'><strong>legis,</strong></span> <span class='ocrx_word' id='word_1_732' title='bbox 1542 5450 1727 5497; x_wconf 90' lang='lat' dir='ltr'><strong>utrum</strong></span> <span class='ocrx_word' id='word_1_733' title='bbox 1757 5443 1825 5497; x_wconf 90' lang='lat' dir='ltr'><strong>ad</strong></span> <span class='ocrx_word' id='word_1_734' title='bbox 1868 5441 1945 5497; x_wconf 92' lang='lat' dir='ltr'><strong>le-</strong></span> 
     </span>
    </p>
   </div>
   <div class='ocr_carea' id='block_1_89' title="bbox 374 5533 1950 5607">
    <p class='ocr_par' dir='ltr' id='par_1_89' title="bbox 374 5533 1950 5607">
     <span class='ocr_line' id='line_1_89' title="bbox 374 5533 1950 5607; baseline 0.001 -19"><span class='ocrx_word' id='word_1_735' title='bbox 374 5548 491 5607; x_wconf 87' lang='lat' dir='ltr'><strong>gem</strong></span> <span class='ocrx_word' id='word_1_736' title='bbox 506 5558 521 5572; x_wconf 78' lang='grc'><strong>·</strong></span> <span class='ocrx_word' id='word_1_737' title='bbox 536 5533 710 5606; x_wconf 76' lang='lat' dir='ltr'><strong>Moysi</strong></span> <span class='ocrx_word' id='word_1_738' title='bbox 736 5547 792 5590; x_wconf 88' lang='lat' dir='ltr'><strong>et</strong></span> <span class='ocrx_word' id='word_1_739' title='bbox 815 5533 989 5606; x_wconf 89' lang='lat' dir='ltr'><strong>legem</strong></span> <span class='ocrx_word' id='word_1_740' title='bbox 1034 5534 1338 5590; x_wconf 87' lang='lat' dir='ltr'><strong>naturalem</strong></span> <span class='ocrx_word' id='word_1_741' title='bbox 1390 5548 1573 5591; x_wconf 87' lang='lat' dir='ltr'><strong>sermo</strong></span> <span class='ocrx_word' id='word_1_742' title='bbox 1623 5534 1715 5591; x_wconf 89' lang='lat' dir='ltr'><strong>hic</strong></span> <span class='ocrx_word' id='word_1_743' title='bbox 1753 5534 1950 5590; x_wconf 87' lang='lat' dir='ltr'><strong>debeat</strong></span> 
     </span>
    </p>
   </div>
   <div class='ocr_carea' id='block_1_90' title="bbox 377 5625 1945 5698">
    <p class='ocr_par' dir='ltr' id='par_1_90' title="bbox 377 5625 1945 5698">
     <span class='ocr_line' id='line_1_90' title="bbox 377 5625 1945 5698; baseline -0.003 -14"><span class='ocrx_word' id='word_1_744' title='bbox 377 5627 642 5695; x_wconf 89' lang='lat' dir='ltr'><strong>inclinari,</strong></span> <span class='ocrx_word' id='word_1_745' title='bbox 678 5643 748 5682; x_wconf 88' lang='lat' dir='ltr'><strong>an</strong></span> <span class='ocrx_word' id='word_1_746' title='bbox 774 5628 844 5683; x_wconf 90' lang='lat' dir='ltr'><strong>ad</strong></span> <span class='ocrx_word' id='word_1_747' title='bbox 878 5627 1051 5698; x_wconf 84' lang='lat' dir='ltr'><strong>legem</strong></span> <span class='ocrx_word' id='word_1_748' title='bbox 1076 5627 1305 5695; x_wconf 57' lang='lat' dir='ltr'><strong>litteras,</strong></span> <span class='ocrx_word' id='word_1_749' title='bbox 1351 5635 1410 5682; x_wconf 90' lang='lat' dir='ltr'><strong>et</strong></span> <span class='ocrx_word' id='word_1_750' title='bbox 1451 5626 1625 5698; x_wconf 88' lang='lat' dir='ltr'><strong>legem</strong></span> <span class='ocrx_word' id='word_1_751' title='bbox 1678 5625 1900 5697; x_wconf 90' lang='lat' dir='ltr'><strong>spiritus</strong></span> <span class='ocrx_word' id='word_1_752' title='bbox 1930 5642 1945 5679; x_wconf 90' lang='lat'><strong>:</strong></span> 
     </span>
    </p>
   </div>
   <div class='ocr_carea' id='block_1_91' title="bbox 381 5717 1948 5793">
    <p class='ocr_par' dir='ltr' id='par_1_91' title="bbox 381 5717 1948 5793">
     <span class='ocr_line' id='line_1_91' title="bbox 381 5717 1948 5793; baseline -0.001 -18"><span class='ocrx_word' id='word_1_753' title='bbox 381 5722 498 5793; x_wconf 78' lang='lat' dir='ltr'><strong>quia</strong></span> <span class='ocrx_word' id='word_1_754' title='bbox 522 5719 613 5776; x_wconf 91' lang='lat' dir='ltr'><strong>lex</strong></span> <span class='ocrx_word' id='word_1_755' title='bbox 638 5719 831 5776; x_wconf 63' lang='lat' dir='ltr'><strong>litterae</strong></span> <span class='ocrx_word' id='word_1_756' title='bbox 856 5718 1070 5784; x_wconf 91' lang='lat' dir='ltr'><strong>occidit,</strong></span> <span class='ocrx_word' id='word_1_757' title='bbox 1088 5728 1325 5776; x_wconf 89' lang='lat' dir='ltr'><strong>mortem</strong></span> <span class='ocrx_word' id='word_1_758' title='bbox 1344 5727 1623 5789; x_wconf 89' lang='lat' dir='ltr'><strong>operatur,</strong></span> <span class='ocrx_word' id='word_1_759' title='bbox 1651 5717 1739 5774; x_wconf 83' lang='lat' dir='ltr'><strong>lex</strong></span> <span class='ocrx_word' id='word_1_760' title='bbox 1766 5726 1948 5774; x_wconf 88' lang='lat' dir='ltr'><strong>autem</strong></span> 
     </span>
    </p>
   </div>
   <div class='ocr_carea' id='block_1_92' title="bbox 383 5810 1949 5890">
    <p class='ocr_par' dir='ltr' id='par_1_92' title="bbox 383 5810 1949 5890">
     <span class='ocr_line' id='line_1_92' title="bbox 383 5810 1949 5890; baseline -0.007 -11"><span class='ocrx_word' id='word_1_761' title='bbox 383 5819 595 5890; x_wconf 86' lang='lat' dir='ltr'><strong>spiritus</strong></span> <span class='ocrx_word' id='word_1_762' title='bbox 619 5820 747 5878; x_wconf 60' lang='lat' dir='ltr'><strong>vita</strong></span> <span class='ocrx_word' id='word_1_763' title='bbox 770 5816 966 5874; x_wconf 88' lang='lat' dir='ltr'><strong>liberat</strong></span> <span class='ocrx_word' id='word_1_764' title='bbox 990 5831 1024 5873; x_wconf 88' lang='lat' dir='ltr'><strong>a</strong></span> <span class='ocrx_word' id='word_1_765' title='bbox 1045 5815 1168 5887; x_wconf 87' lang='lat' dir='ltr'><strong>lege</strong></span> <span class='ocrx_word' id='word_1_766' title='bbox 1192 5814 1404 5887; x_wconf 85' lang='lat' dir='ltr'><strong>peccati</strong></span> <span class='ocrx_word' id='word_1_767' title='bbox 1451 5824 1507 5871; x_wconf 90' lang='lat' dir='ltr'><strong>et</strong></span> <span class='ocrx_word' id='word_1_768' title='bbox 1546 5812 1757 5872; x_wconf 88' lang='lat' dir='ltr'><strong>mortis.</strong></span> <span class='ocrx_word' id='word_1_769' title='bbox 1796 5810 1949 5869; x_wconf 87' lang='lat' dir='ltr'><strong>Unde</strong></span> 
     </span>
    </p>
   </div>
   <div class='ocr_carea' id='block_1_93' title="bbox 1976 3308 3601 3394">
    <p class='ocr_par' dir='ltr' id='par_1_93' title="bbox 1976 3308 3601 3394">
     <span class='ocr_line' id='line_1_93' title="bbox 1976 3308 3601 3394; baseline -0.01 -15"><span class='ocrx_word' id='word_1_770' title='bbox 1976 3308 2110 3379; x_wconf 23' lang='lat' dir='ltr'><strong>,‘Sic</strong></span> <span class='ocrx_word' id='word_1_771' title='bbox 2173 3336 2304 3394; x_wconf 87' lang='lat' dir='ltr'><strong>ergo</strong></span> <span class='ocrx_word' id='word_1_772' title='bbox 2361 3321 2477 3376; x_wconf 73' lang='lat' dir='ltr'><strong>haec</strong></span> <span class='ocrx_word' id='word_1_773' title='bbox 2538 3318 2867 3390; x_wconf 83' lang='lat' dir='ltr'><strong>plenissimae</strong></span> <span class='ocrx_word' id='word_1_774' title='bbox 2922 3314 3174 3393; x_wconf 74' lang='lat' dir='ltr'><strong>rationis.</strong></span> <span class='ocrx_word' id='word_1_775' title='bbox 3202 3320 3391 3367; x_wconf 90' lang='lat' dir='ltr'><strong>tenere</strong></span> <span class='ocrx_word' id='word_1_776' title='bbox 3446 3308 3601 3374; x_wconf 76' lang='lat' dir='ltr'><strong>diffe-</strong></span> 
     </span>
    </p>
   </div>
   <div class='ocr_carea' id='block_1_94' title="bbox 2017 3400 3607 3479">
    <p class='ocr_par' dir='ltr' id='par_1_94' title="bbox 2017 3400 3607 3479">
     <span class='ocr_line' id='line_1_94' title="bbox 2017 3400 3607 3479; baseline -0.011 -9"><span class='ocrx_word' id='word_1_777' title='bbox 2017 3414 2222 3470; x_wconf 91' lang='lat' dir='ltr'><strong>rentias</strong></span> <span class='ocrx_word' id='word_1_778' title='bbox 2251 3413 2569 3477; x_wconf 88' lang='lat' dir='ltr'><strong>edocentur,</strong></span> <span class='ocrx_word' id='word_1_779' title='bbox 2598 3417 2660 3464; x_wconf 91' lang='lat' dir='ltr'><strong>ut</strong></span> <span class='ocrx_word' id='word_1_780' title='bbox 2683 3409 2828 3479; x_wconf 89' lang='lat' dir='ltr'><strong>quod</strong></span> <span class='ocrx_word' id='word_1_781' title='bbox 2867 3405 3231 3469; x_wconf 87' lang='lat' dir='ltr'><strong>subsistimus,</strong></span> <span class='ocrx_word' id='word_1_782' title='bbox 3275 3418 3339 3457; x_wconf 78' lang='lat' dir='ltr'><strong>ea:</strong></span> <span class='ocrx_word' id='word_1_783' title='bbox 3367 3400 3479 3479; x_wconf 87' lang='lat' dir='ltr'><strong>Deo</strong></span> <span class='ocrx_word' id='word_1_784' title='bbox 3510 3400 3607 3455; x_wconf 86' lang='lat' dir='ltr'><strong>ha-</strong></span> 
     </span>
    </p>
   </div>
   <div class='ocr_carea' id='block_1_95' title="bbox 2016 3482 3609 3571">
    <p class='ocr_par' dir='ltr' id='par_1_95' title="bbox 2016 3482 3609 3571">
     <span class='ocr_line' id='line_1_95' title="bbox 2016 3482 3609 3571; baseline -0.01 -14"><span class='ocrx_word' id='word_1_785' title='bbox 2016 3502 2149 3557; x_wconf 89' lang='lat' dir='ltr'><strong>bere</strong></span> <span class='ocrx_word' id='word_1_786' title='bbox 2179 3501 2461 3565; x_wconf 87' lang='lat' dir='ltr'><strong>dicamur;</strong></span> <span class='ocrx_word' id='word_1_787' title='bbox 2494 3498 2639 3569; x_wconf 94' lang='lat' dir='ltr'><strong>quod</strong></span> <span class='ocrx_word' id='word_1_788' title='bbox 2669 3482 3048 3567; x_wconf 88' lang='lat' dir='ltr'><strong>dispensamur</strong></span> <span class='ocrx_word' id='word_1_789' title='bbox 3089 3503 3146 3549; x_wconf 92' lang='lat' dir='ltr'><strong>et</strong></span> <span class='ocrx_word' id='word_1_790' title='bbox 3192 3493 3463 3571; x_wconf 77' lang='lat' dir='ltr'><strong>regimur,</strong></span> <span class='ocrx_word' id='word_1_791' title='bbox 3516 3503 3609 3559; x_wconf 83' lang='lat' dir='ltr'><strong>per</strong></span> 
     </span>
    </p>
   </div>
   <div class='ocr_carea' id='block_1_96' title="bbox 2019 3582 3606 3664">
    <p class='ocr_par' dir='ltr' id='par_1_96' title="bbox 2019 3582 3606 3664">
     <span class='ocr_line' id='line_1_96' title="bbox 2019 3582 3606 3664; baseline -0.009 -18"><span class='ocrx_word' id='word_1_792' title='bbox 2019 3593 2191 3664; x_wconf 86' lang='lat' dir='ltr'><strong>ipsum</strong></span> <span class='ocrx_word' id='word_1_793' title='bbox 2235 3590 2352 3645; x_wconf 89' lang='lat' dir='ltr'><strong>ﬁeri</strong></span> <span class='ocrx_word' id='word_1_794' title='bbox 2384 3589 2733 3660; x_wconf 89' lang='lat' dir='ltr'><strong>designetur;</strong></span> <span class='ocrx_word' id='word_1_795' title='bbox 2784 3586 2927 3656; x_wconf 82' lang='lat' dir='ltr'><strong>quod</strong></span> <span class='ocrx_word' id='word_1_796' title='bbox 2970 3599 3100 3651; x_wconf 86' lang='lat' dir='ltr'><strong>vero</strong></span> <span class='ocrx_word' id='word_1_797' title='bbox 3146 3582 3200 3637; x_wconf 88' lang='lat' dir='ltr'><strong>in</strong></span> <span class='ocrx_word' id='word_1_798' title='bbox 3241 3594 3450 3637; x_wconf 89' lang='lat' dir='ltr'><strong>summa</strong></span> <span class='ocrx_word' id='word_1_799' title='bbox 3479 3593 3606 3658; x_wconf 82' lang='lat' dir='ltr'><strong>per-</strong></span> 
     </span>
    </p>
   </div>
   <div class='ocr_carea' id='block_1_97' title="bbox 2020 3668 3610 3747">
    <p class='ocr_par' dir='ltr' id='par_1_97' title="bbox 2020 3668 3610 3747">
     <span class='ocr_line' id='line_1_97' title="bbox 2020 3668 3610 3747; baseline -0.009 -10"><span class='ocrx_word' id='word_1_800' title='bbox 2020 3679 2274 3737; x_wconf 76' lang='lat' dir='ltr'><strong>fectidnis</strong></span> <span class='ocrx_word' id='word_1_801' title='bbox 2299 3678 2679 3741; x_wconf 87' lang='lat' dir='ltr'><strong>consistimus,</strong></span> <span class='ocrx_word' id='word_1_802' title='bbox 2715 3676 2770 3733; x_wconf 91' lang='lat' dir='ltr'><strong>in</strong></span> <span class='ocrx_word' id='word_1_803' title='bbox 2791 3677 2903 3747; x_wconf 83' lang='lat' dir='ltr'><strong>ipso</strong></span> <span class='ocrx_word' id='word_1_804' title='bbox 2929 3688 3053 3730; x_wconf 90' lang='lat' dir='ltr'><strong>esse</strong></span> <span class='ocrx_word' id='word_1_805' title='bbox 3078 3671 3400 3729; x_wconf 89' lang='lat' dir='ltr'><strong>declaretur.</strong></span> <span class='ocrx_word' id='word_1_806' title='bbox 3424 3668 3610 3723; x_wconf 90' lang='lat' dir='ltr'><strong>Potest</strong></span> 
     </span>
    </p>
   </div>
   <div class='ocr_carea' id='block_1_98' title="bbox 2022 3758 3608 3849">
    <p class='ocr_par' dir='ltr' id='par_1_98' title="bbox 2022 3758 3608 3849">
     <span class='ocr_line' id='line_1_98' title="bbox 2022 3758 3608 3849; baseline -0.011 -21"><span class='ocrx_word' id='word_1_807' title='bbox 2022 3773 2079 3828; x_wconf 91' lang='lat' dir='ltr'><strong>in</strong></span> <span class='ocrx_word' id='word_1_808' title='bbox 2123 3771 2377 3842; x_wconf 68' lang='lat' dir='ltr'><strong>praesenti</strong></span> <span class='ocrx_word' id='word_1_809' title='bbox 2408 3770 2527 3827; x_wconf 90' lang='lat' dir='ltr'><strong>loco</strong></span> <span class='ocrx_word' id='word_1_810' title='bbox 2557 3768 2937 3849; x_wconf 42' lang='lat' dir='ltr'><strong>talis&#39;quidem</strong></span> <span class='ocrx_word' id='word_1_811' title='bbox 2963 3761 3244 3821; x_wconf 83' lang='lat' dir='ltr'><strong>observari</strong></span> <span class='ocrx_word' id='word_1_812' title='bbox 3276 3758 3608 3843; x_wconf 78' lang='lat' dir='ltr'><strong>differentia,</strong></span> 
     </span>
    </p>
   </div>
   <div class='ocr_carea' id='block_1_99' title="bbox 2024 3850 3611 3932">
    <p class='ocr_par' dir='ltr' id='par_1_99' title="bbox 2024 3850 3611 3932">
     <span class='ocr_line' id='line_1_99' title="bbox 2024 3850 3611 3932; baseline -0.011 -10"><span class='ocrx_word' id='word_1_813' title='bbox 2024 3874 2085 3922; x_wconf 91' lang='lat' dir='ltr'><strong>ut</strong></span> <span class='ocrx_word' id='word_1_814' title='bbox 2124 3863 2469 3919; x_wconf 88' lang='lat' dir='ltr'><strong>circumcisio</strong></span> <span class='ocrx_word' id='word_1_815' title='bbox 2519 3876 2641 3932; x_wconf 64' lang='lat' dir='ltr'><strong>qua:</strong></span> <span class='ocrx_word' id='word_1_816' title='bbox 2712 3858 2861 3915; x_wconf 89' lang='lat' dir='ltr'><strong>velut</strong></span> <span class='ocrx_word' id='word_1_817' title='bbox 2912 3858 3089 3930; x_wconf 89' lang='lat' dir='ltr'><strong>primo</strong></span> <span class='ocrx_word' id='word_1_818' title='bbox 3136 3854 3256 3911; x_wconf 92' lang='lat' dir='ltr'><strong>loco</strong></span> <span class='ocrx_word' id='word_1_819' title='bbox 3310 3860 3366 3907; x_wconf 91' lang='lat' dir='ltr'><strong>et</strong></span> <span class='ocrx_word' id='word_1_820' title='bbox 3420 3850 3611 3906; x_wconf 88' lang='lat' dir='ltr'><strong>ordine</strong></span> 
     </span>
    </p>
   </div>
   <div class='ocr_carea' id='block_1_100' title="bbox 2016 3942 3612 4033">
    <p class='ocr_par' dir='ltr' id='par_1_100' title="bbox 2016 3942 3612 4033">
     <span class='ocr_line' id='line_1_100' title="bbox 2016 3942 3612 4033; baseline -0.013 -15"><span class='ocrx_word' id='word_1_821' title='bbox 2016 3959 2369 4030; x_wconf 76' lang='lat' dir='ltr'><strong>justiﬁestur,</strong></span> <span class='ocrx_word' id='word_1_822' title='bbox 2414 3973 2482 4033; x_wconf 75' lang='lat' dir='ltr'><strong>ex</strong></span> <span class='ocrx_word' id='word_1_823' title='bbox 2516 3954 2653 4021; x_wconf 75' lang='lat' dir='ltr'><strong>ﬁde,</strong></span> <span class='ocrx_word' id='word_1_824' title='bbox 2690 3961 2749 4009; x_wconf 91' lang='lat' dir='ltr'><strong>et</strong></span> <span class='ocrx_word' id='word_1_825' title='bbox 2778 3967 2889 4009; x_wconf 90' lang='lat' dir='ltr'><strong>non</strong></span> <span class='ocrx_word' id='word_1_826' title='bbox 2919 3966 3018 4022; x_wconf 81' lang='lat' dir='ltr'><strong>per</strong></span> <span class='ocrx_word' id='word_1_827' title='bbox 3055 3949 3217 4005; x_wconf 92' lang='lat' dir='ltr'><strong>ﬁdem</strong></span> <span class='ocrx_word' id='word_1_828' title='bbox 3264 3942 3612 4019; x_wconf 89' lang='lat' dir='ltr'><strong>justiﬁcanda</strong></span> 
     </span>
    </p>
   </div>
   <div class='ocr_carea' id='block_1_101' title="bbox 2027 4033 3611 4120">
    <p class='ocr_par' dir='ltr' id='par_1_101' title="bbox 2027 4033 3611 4120">
     <span class='ocr_line' id='line_1_101' title="bbox 2027 4033 3611 4120; baseline -0.015 -8"><span class='ocrx_word' id='word_1_829' title='bbox 2027 4058 2359 4112; x_wconf 88' lang='lat' dir='ltr'><strong>memoretur</strong></span> <span class='ocrx_word' id='word_1_830' title='bbox 2400 4067 2415 4105; x_wconf 88' lang='lat'><strong>:</strong></span> <span class='ocrx_word' id='word_1_831' title='bbox 2452 4046 2801 4120; x_wconf 18' lang='lat' dir='ltr'><strong>praeputium.</strong></span> <span class='ocrx_word' id='word_1_832' title='bbox 2832 4057 2962 4103; x_wconf 86' lang='lat' dir='ltr'><strong>vero</strong></span> <span class='ocrx_word' id='word_1_833' title='bbox 2996 4040 3153 4112; x_wconf 79' lang='lat' dir='ltr'><strong>quod</strong></span> <span class='ocrx_word' id='word_1_834' title='bbox 3209 4036 3447 4119; x_wconf 76' lang='lat' dir='ltr'><strong>secundo</strong></span> <span class='ocrx_word' id='word_1_835' title='bbox 3492 4033 3611 4091; x_wconf 90' lang='lat' dir='ltr'><strong>loco</strong></span> 
     </span>
    </p>
   </div>
   <div class='ocr_carea' id='block_1_102' title="bbox 2008 4129 3607 4222">
    <p class='ocr_par' dir='ltr' id='par_1_102' title="bbox 2008 4129 3607 4222">
     <span class='ocr_line' id='line_1_102' title="bbox 2008 4129 3607 4222; baseline -0.018 -13"><span class='ocrx_word' id='word_1_836' title='bbox 2008 4130 2098 4209; x_wconf 86' lang='lat' dir='ltr'><strong>ad</strong></span> <span class='ocrx_word' id='word_1_837' title='bbox 2139 4146 2586 4222; x_wconf 86' lang='lat' dir='ltr'><strong>justiﬁcationem</strong></span> <span class='ocrx_word' id='word_1_838' title='bbox 2618 4141 2876 4211; x_wconf 78' lang='lat' dir='ltr'><strong>trahitur,</strong></span> <span class='ocrx_word' id='word_1_839' title='bbox 2929 4152 3040 4193; x_wconf 91' lang='lat' dir='ltr'><strong>non</strong></span> <span class='ocrx_word' id='word_1_840' title='bbox 3084 4149 3150 4190; x_wconf 79' lang='lat' dir='ltr'><strong>ex</strong></span> <span class='ocrx_word' id='word_1_841' title='bbox 3190 4132 3335 4209; x_wconf 83' lang='lat' dir='ltr'><strong>ﬁde,</strong></span> <span class='ocrx_word' id='word_1_842' title='bbox 3375 4129 3472 4187; x_wconf 90' lang='lat' dir='ltr'><strong>sed</strong></span> <span class='ocrx_word' id='word_1_843' title='bbox 3515 4143 3607 4215; x_wconf 71' lang='lat' dir='ltr'><strong>per</strong></span> 
     </span>
    </p>
   </div>
   <div class='ocr_carea' id='block_1_103' title="bbox 2029 4224 3685 4312">
    <p class='ocr_par' dir='ltr' id='par_1_103' title="bbox 2029 4224 3685 4312">
     <span class='ocr_line' id='line_1_103' title="bbox 2029 4224 3685 4312; baseline -0.019 -11"><span class='ocrx_word' id='word_1_844' title='bbox 2029 4243 2192 4305; x_wconf 88' lang='lat' dir='ltr'><strong>ﬁdem</strong></span> <span class='ocrx_word' id='word_1_845' title='bbox 2240 4237 2648 4312; x_wconf 87' lang='lat' dir='ltr'><strong>justiﬁcandum</strong></span> <span class='ocrx_word' id='word_1_846' title='bbox 2703 4232 2935 4301; x_wconf 87' lang='lat' dir='ltr'><strong>dicatur.</strong></span> <span class='ocrx_word' id='word_1_847' title='bbox 2977 4224 3245 4285; x_wconf 83' lang='lat' dir='ltr'><strong>Justiﬁcat</strong></span> <span class='ocrx_word' id='word_1_848' title='bbox 3294 4236 3424 4293; x_wconf 83' lang='lat' dir='ltr'><strong>ergo</strong></span> <span class='ocrx_word' id='word_1_849' title='bbox 3474 4234 3613 4297; x_wconf 85' lang='lat' dir='ltr'><strong>unus</strong></span> <span class='ocrx_word' id='word_1_850' title='bbox 3680 4298 3685 4305; x_wconf 16' lang='grc' dir='ltr'><strong>ν</strong></span> 
     </span>
    </p>
   </div>
   <div class='ocr_carea' id='block_1_104' title="bbox 2031 4320 3611 4409">
    <p class='ocr_par' dir='ltr' id='par_1_104' title="bbox 2031 4320 3611 4409">
     <span class='ocr_line' id='line_1_104' title="bbox 2031 4320 3611 4409; baseline -0.016 -16"><span class='ocrx_word' id='word_1_851' title='bbox 2031 4345 2197 4409; x_wconf 89' lang='lat' dir='ltr'><strong>atque</strong></span> <span class='ocrx_word' id='word_1_852' title='bbox 2224 4334 2366 4391; x_wconf 88' lang='lat' dir='ltr'><strong>idem</strong></span> <span class='ocrx_word' id='word_1_853' title='bbox 2402 4332 2545 4388; x_wconf 83' lang='lat' dir='ltr'><strong>Deus</strong></span> <span class='ocrx_word' id='word_1_854' title='bbox 2568 4324 3038 4386; x_wconf 87' lang='lat' dir='ltr'><strong>circnmcisionem</strong></span> <span class='ocrx_word' id='word_1_855' title='bbox 3064 4336 3132 4377; x_wconf 80' lang='lat' dir='ltr'><strong>ex</strong></span> <span class='ocrx_word' id='word_1_856' title='bbox 3158 4320 3285 4384; x_wconf 87' lang='lat' dir='ltr'><strong>ﬁde,</strong></span> <span class='ocrx_word' id='word_1_857' title='bbox 3315 4326 3369 4375; x_wconf 87' lang='lat' dir='ltr'><strong>et</strong></span> <span class='ocrx_word' id='word_1_858' title='bbox 3395 4329 3611 4409; x_wconf 49' lang='lat' dir='ltr'><strong>praepu—</strong></span> 
     </span>
    </p>
   </div>
   <div class='ocr_carea' id='block_1_105' title="bbox 2035 4406 3613 4496">
    <p class='ocr_par' dir='ltr' id='par_1_105' title="bbox 2035 4406 3613 4496">
     <span class='ocr_line' id='line_1_105' title="bbox 2035 4406 3613 4496; baseline -0.015 -13"><span class='ocrx_word' id='word_1_859' title='bbox 2035 4406 2168 4483; x_wconf 73' lang='lat' dir='ltr'><strong>tium</strong></span> <span class='ocrx_word' id='word_1_860' title='bbox 2199 4438 2304 4496; x_wconf 87' lang='lat' dir='ltr'><strong>per</strong></span> <span class='ocrx_word' id='word_1_861' title='bbox 2325 4423 2508 4479; x_wconf 91' lang='lat' dir='ltr'><strong>ﬁdem.</strong></span> <span class='ocrx_word' id='word_1_862' title='bbox 2537 4417 2783 4489; x_wconf 80' lang='lat' dir='ltr'><strong>Quodsi</strong></span> <span class='ocrx_word' id='word_1_863' title='bbox 2820 4415 3062 4483; x_wconf 85' lang='lat' dir='ltr'><strong>requirat</strong></span> <span class='ocrx_word' id='word_1_864' title='bbox 3089 4410 3283 4480; x_wconf 89' lang='lat' dir='ltr'><strong>aliquis</strong></span> <span class='ocrx_word' id='word_1_865' title='bbox 3305 4406 3572 4473; x_wconf 79' lang='lat' dir='ltr'><strong>curiosius</strong></span> <span class='ocrx_word' id='word_1_866' title='bbox 3598 4445 3613 4470; x_wconf 90' lang='lat'><strong>,</strong></span> 
     </span>
    </p>
   </div>
   <div class='ocr_carea' id='block_1_106' title="bbox 2035 4498 3614 4590">
    <p class='ocr_par' dir='ltr' id='par_1_106' title="bbox 2035 4498 3614 4590">
     <span class='ocr_line' id='line_1_106' title="bbox 2035 4498 3614 4590; baseline -0.018 -13"><span class='ocrx_word' id='word_1_867' title='bbox 2035 4521 2093 4577; x_wconf 90' lang='lat' dir='ltr'><strong>hi</strong></span> <span class='ocrx_word' id='word_1_868' title='bbox 2121 4520 2213 4590; x_wconf 90' lang='lat' dir='ltr'><strong>qui</strong></span> <span class='ocrx_word' id='word_1_869' title='bbox 2242 4533 2310 4572; x_wconf 86' lang='lat' dir='ltr'><strong>ex</strong></span> <span class='ocrx_word' id='word_1_870' title='bbox 2334 4516 2442 4572; x_wconf 88' lang='lat' dir='ltr'><strong>ﬁde</strong></span> <span class='ocrx_word' id='word_1_871' title='bbox 2461 4511 2871 4590; x_wconf 70' lang='lat' dir='ltr'><strong>iustiﬁcantur,</strong></span> <span class='ocrx_word' id='word_1_872' title='bbox 2891 4522 2988 4577; x_wconf 88' lang='lat' dir='ltr'><strong>per</strong></span> <span class='ocrx_word' id='word_1_873' title='bbox 3030 4518 3193 4576; x_wconf 89' lang='lat' dir='ltr'><strong>quem</strong></span> <span class='ocrx_word' id='word_1_874' title='bbox 3220 4498 3614 4571; x_wconf 89' lang='lat' dir='ltr'><strong>justiﬁcentur;</strong></span> 
     </span>
    </p>
   </div>
   <div class='ocr_carea' id='block_1_107' title="bbox 2041 4594 3618 4676">
    <p class='ocr_par' dir='ltr' id='par_1_107' title="bbox 2041 4594 3618 4676">
     <span class='ocr_line' id='line_1_107' title="bbox 2041 4594 3618 4676; baseline -0.019 -7"><span class='ocrx_word' id='word_1_875' title='bbox 2041 4620 2098 4669; x_wconf 92' lang='lat' dir='ltr'><strong>et</strong></span> <span class='ocrx_word' id='word_1_876' title='bbox 2145 4624 2358 4666; x_wconf 89' lang='lat' dir='ltr'><strong>rursum</strong></span> <span class='ocrx_word' id='word_1_877' title='bbox 2381 4647 2398 4673; x_wconf 92' lang='lat'><strong>,</strong></span> <span class='ocrx_word' id='word_1_878' title='bbox 2430 4607 2486 4662; x_wconf 88' lang='lat' dir='ltr'><strong>hi</strong></span> <span class='ocrx_word' id='word_1_879' title='bbox 2516 4604 2608 4676; x_wconf 90' lang='lat' dir='ltr'><strong>qui</strong></span> <span class='ocrx_word' id='word_1_880' title='bbox 2650 4599 2949 4676; x_wconf 25' lang='lat' dir='ltr'><strong>per‘ﬁdem</strong></span> <span class='ocrx_word' id='word_1_881' title='bbox 2974 4594 3364 4666; x_wconf 81' lang='lat' dir='ltr'><strong>justiﬁcantur,</strong></span> <span class='ocrx_word' id='word_1_882' title='bbox 3406 4603 3468 4643; x_wconf 80' lang='lat' dir='ltr'><strong>ex</strong></span> <span class='ocrx_word' id='word_1_883' title='bbox 3508 4601 3618 4657; x_wconf 87' lang='lat' dir='ltr'><strong>quo</strong></span> 
     </span>
    </p>
   </div>
   <div class='ocr_carea' id='block_1_108' title="bbox 2038 4682 3621 4776">
    <p class='ocr_par' dir='ltr' id='par_1_108' title="bbox 2038 4682 3621 4776">
     <span class='ocr_line' id='line_1_108' title="bbox 2038 4682 3621 4776; baseline -0.019 -13"><span class='ocrx_word' id='word_1_884' title='bbox 2038 4704 2444 4776; x_wconf 85' lang='lat' dir='ltr'><strong>justiﬁeentur:</strong></span> <span class='ocrx_word' id='word_1_885' title='bbox 2474 4700 2603 4755; x_wconf 90' lang='lat' dir='ltr'><strong>licet</strong></span> <span class='ocrx_word' id='word_1_886' title='bbox 2628 4694 2877 4752; x_wconf 86' lang='lat' dir='ltr'><strong>fortassis</strong></span> <span class='ocrx_word' id='word_1_887' title='bbox 2901 4690 3070 4749; x_wconf 88' lang='lat' dir='ltr'><strong>multa</strong></span> <span class='ocrx_word' id='word_1_888' title='bbox 3097 4688 3152 4744; x_wconf 93' lang='lat' dir='ltr'><strong>in</strong></span> <span class='ocrx_word' id='word_1_889' title='bbox 3174 4687 3293 4776; x_wconf 86' lang='lat' dir='ltr'><strong>hoc</strong></span> <span class='ocrx_word' id='word_1_890' title='bbox 3334 4682 3621 4757; x_wconf 83' lang='lat' dir='ltr'><strong>curiositas</strong></span> 
     </span>
    </p>
   </div>
   <div class='ocr_carea' id='block_1_109' title="bbox 2044 4781 3622 4866">
    <p class='ocr_par' dir='ltr' id='par_1_109' title="bbox 2044 4781 3622 4866">
     <span class='ocr_line' id='line_1_109' title="bbox 2044 4781 3622 4866; baseline -0.015 -13"><span class='ocrx_word' id='word_1_891' title='bbox 2044 4798 2290 4854; x_wconf 87' lang='lat' dir='ltr'><strong>videatur</strong></span> <span class='ocrx_word' id='word_1_892' title='bbox 2312 4834 2353 4866; x_wconf 18' lang='grc' dir='ltr'><strong>,ν</strong></span> <span class='ocrx_word' id='word_1_893' title='bbox 2386 4800 2564 4847; x_wconf 90' lang='lat' dir='ltr'><strong>tamen</strong></span> <span class='ocrx_word' id='word_1_894' title='bbox 2615 4786 2999 4844; x_wconf 84' lang='lat' dir='ltr'><strong>convenienter</strong></span> <span class='ocrx_word' id='word_1_895' title='bbox 3058 4781 3240 4836; x_wconf 89' lang='lat' dir='ltr'><strong>dicere</strong></span> <span class='ocrx_word' id='word_1_896' title='bbox 3286 4787 3572 4847; x_wconf 81' lang='lat' dir='ltr'><strong>possumus</strong></span> <span class='ocrx_word' id='word_1_897' title='bbox 3605 4811 3622 4838; x_wconf 87' lang='lat'><strong>,</strong></span> 
     </span>
    </p>
   </div>
   <div class='ocr_carea' id='block_1_110' title="bbox 2030 4866 3624 4961">
    <p class='ocr_par' dir='ltr' id='par_1_110' title="bbox 2030 4866 3624 4961">
     <span class='ocr_line' id='line_1_110' title="bbox 2030 4866 3624 4961; baseline -0.019 -15"><span class='ocrx_word' id='word_1_898' title='bbox 2030 4889 2189 4961; x_wconf 86' lang='lat' dir='ltr'><strong>quod</strong></span> <span class='ocrx_word' id='word_1_899' title='bbox 2216 4886 2311 4958; x_wconf 91' lang='lat' dir='ltr'><strong>qui</strong></span> <span class='ocrx_word' id='word_1_900' title='bbox 2330 4901 2399 4942; x_wconf 80' lang='lat' dir='ltr'><strong>ex</strong></span> <span class='ocrx_word' id='word_1_901' title='bbox 2424 4884 2529 4939; x_wconf 87' lang='lat' dir='ltr'><strong>ﬁde</strong></span> <span class='ocrx_word' id='word_1_902' title='bbox 2552 4879 2918 4952; x_wconf 87' lang='lat' dir='ltr'><strong>justiﬁcantur</strong></span> <span class='ocrx_word' id='word_1_903' title='bbox 2944 4913 2960 4939; x_wconf 94' lang='lat'><strong>,</strong></span> <span class='ocrx_word' id='word_1_904' title='bbox 2997 4869 3152 4928; x_wconf 91' lang='lat' dir='ltr'><strong>initio</strong></span> <span class='ocrx_word' id='word_1_905' title='bbox 3176 4883 3244 4924; x_wconf 80' lang='lat' dir='ltr'><strong>ex</strong></span> <span class='ocrx_word' id='word_1_906' title='bbox 3277 4866 3624 4943; x_wconf 2' lang='lat' dir='ltr'><strong>ﬁdejsumpto</strong></span> 
     </span>
    </p>
   </div>
   <div class='ocr_carea' id='block_1_111' title="bbox 2046 4969 3624 5053">
    <p class='ocr_par' dir='ltr' id='par_1_111' title="bbox 2046 4969 3624 5053">
     <span class='ocr_line' id='line_1_111' title="bbox 2046 4969 3624 5053; baseline -0.019 -15"><span class='ocrx_word' id='word_1_907' title='bbox 2046 4997 2145 5053; x_wconf 88' lang='lat' dir='ltr'><strong>per</strong></span> <span class='ocrx_word' id='word_1_908' title='bbox 2173 4976 2611 5048; x_wconf 89' lang='lat' dir='ltr'><strong>adimpletionem</strong></span> <span class='ocrx_word' id='word_1_909' title='bbox 2656 4974 2921 5027; x_wconf 85' lang='lat' dir='ltr'><strong>bonorum</strong></span> <span class='ocrx_word' id='word_1_910' title='bbox 2978 4976 3219 5034; x_wconf 77' lang='lat' dir='ltr'><strong>operum,</strong></span> <span class='ocrx_word' id='word_1_911' title='bbox 3242 4969 3624 5053; x_wconf 76' lang='lat' dir='ltr'><strong>consumman-</strong></span> 
     </span>
    </p>
   </div>
   <div class='ocr_carea' id='block_1_112' title="bbox 2053 5045 3624 5139">
    <p class='ocr_par' dir='ltr' id='par_1_112' title="bbox 2053 5045 3624 5139">
     <span class='ocr_line' id='line_1_112' title="bbox 2053 5045 3624 5139; baseline -0.019 -11"><span class='ocrx_word' id='word_1_912' title='bbox 2053 5045 2161 5137; x_wconf 77' lang='lat' dir='ltr'><strong>tur,</strong></span> <span class='ocrx_word' id='word_1_913' title='bbox 2190 5079 2246 5127; x_wconf 92' lang='lat' dir='ltr'><strong>et</strong></span> <span class='ocrx_word' id='word_1_914' title='bbox 2274 5045 2375 5139; x_wconf 30' lang='lat' dir='ltr'><strong>qui.</strong></span> <span class='ocrx_word' id='word_1_915' title='bbox 2390 5081 2487 5137; x_wconf 86' lang='lat' dir='ltr'><strong>per</strong></span> <span class='ocrx_word' id='word_1_916' title='bbox 2512 5066 2672 5119; x_wconf 89' lang='lat' dir='ltr'><strong>ﬁdem</strong></span> <span class='ocrx_word' id='word_1_917' title='bbox 2702 5057 3093 5130; x_wconf 87' lang='lat' dir='ltr'><strong>justiﬁcantur,</strong></span> <span class='ocrx_word' id='word_1_918' title='bbox 3125 5067 3155 5106; x_wconf 94' lang='lat' dir='ltr'><strong>a</strong></span> <span class='ocrx_word' id='word_1_919' title='bbox 3192 5048 3349 5106; x_wconf 88' lang='lat' dir='ltr'><strong>bonis</strong></span> <span class='ocrx_word' id='word_1_920' title='bbox 3371 5045 3624 5117; x_wconf 85' lang='lat' dir='ltr'><strong>operibus</strong></span> 
     </span>
    </p>
   </div>
   <div class='ocr_carea' id='block_1_113' title="bbox 2051 5138 3620 5231">
    <p class='ocr_par' dir='ltr' id='par_1_113' title="bbox 2051 5138 3620 5231">
     <span class='ocr_line' id='line_1_113' title="bbox 2051 5138 3620 5231; baseline -0.02 -10"><span class='ocrx_word' id='word_1_921' title='bbox 2051 5144 2230 5221; x_wconf 84' lang='lat' dir='ltr'><strong>exorsi</strong></span> <span class='ocrx_word' id='word_1_922' title='bbox 2281 5138 2379 5231; x_wconf 84' lang='lat' dir='ltr'><strong>per</strong></span> <span class='ocrx_word' id='word_1_923' title='bbox 2425 5157 2585 5213; x_wconf 88' lang='lat' dir='ltr'><strong>ﬁdem</strong></span> <span class='ocrx_word' id='word_1_924' title='bbox 2629 5166 2902 5210; x_wconf 88' lang='lat' dir='ltr'><strong>summam</strong></span> <span class='ocrx_word' id='word_1_925' title='bbox 2933 5142 3282 5219; x_wconf 85' lang='lat' dir='ltr'><strong>perfectionis</strong></span> <span class='ocrx_word' id='word_1_926' title='bbox 3335 5138 3620 5208; x_wconf 90' lang='lat' dir='ltr'><strong>accipiunt.</strong></span> 
     </span>
    </p>
   </div>
   <div class='ocr_carea' id='block_1_114' title="bbox 2050 5232 3623 5324">
    <p class='ocr_par' dir='ltr' id='par_1_114' title="bbox 2050 5232 3623 5324">
     <span class='ocr_line' id='line_1_114' title="bbox 2050 5232 3623 5324; baseline -0.021 -9"><span class='ocrx_word' id='word_1_927' title='bbox 2050 5258 2130 5315; x_wconf 78' lang='lat' dir='ltr'><strong>Ita</strong></span> <span class='ocrx_word' id='word_1_928' title='bbox 2161 5264 2452 5324; x_wconf 87' lang='lat' dir='ltr'><strong>utrumque</strong></span> <span class='ocrx_word' id='word_1_929' title='bbox 2484 5249 2587 5305; x_wconf 87' lang='lat' dir='ltr'><strong>sibi</strong></span> <span class='ocrx_word' id='word_1_930' title='bbox 2613 5247 2908 5310; x_wconf 67' lang='lat' dir='ltr'><strong>adhaerens</strong></span> <span class='ocrx_word' id='word_1_931' title='bbox 2931 5240 3162 5298; x_wconf 89' lang='lat' dir='ltr'><strong>alterum</strong></span> <span class='ocrx_word' id='word_1_932' title='bbox 3198 5251 3265 5293; x_wconf 82' lang='lat' dir='ltr'><strong>ex</strong></span> <span class='ocrx_word' id='word_1_933' title='bbox 3295 5232 3467 5324; x_wconf 86' lang='lat' dir='ltr'><strong>altero</strong></span> <span class='ocrx_word' id='word_1_934' title='bbox 3488 5244 3623 5324; x_wconf 79' lang='lat' dir='ltr'><strong>con-</strong></span> 
     </span>
    </p>
   </div>
   <div class='ocr_carea' id='block_1_115' title="bbox 2052 5320 3625 5413">
    <p class='ocr_par' dir='ltr' id='par_1_115' title="bbox 2052 5320 3625 5413">
     <span class='ocr_line' id='line_1_115' title="bbox 2052 5320 3625 5413; baseline -0.022 -5"><span class='ocrx_word' id='word_1_935' title='bbox 2052 5320 2378 5407; x_wconf 52' lang='lat' dir='ltr'><strong>summatur:</strong></span> <span class='ocrx_word' id='word_1_936' title='bbox 2402 5345 2470 5400; x_wconf 89' lang='lat' dir='ltr'><strong>Et</strong></span> <span class='ocrx_word' id='word_1_937' title='bbox 2495 5347 2777 5413; x_wconf 87' lang='lat' dir='ltr'><strong>propterea</strong></span> <span class='ocrx_word' id='word_1_938' title='bbox 2795 5377 2811 5403; x_wconf 91' lang='lat'><strong>,</strong></span> <span class='ocrx_word' id='word_1_939' title='bbox 2841 5344 2973 5406; x_wconf 91' lang='lat' dir='ltr'><strong>puto</strong></span> <span class='ocrx_word' id='word_1_940' title='bbox 3004 5327 3320 5402; x_wconf 84' lang='lat' dir='ltr'><strong>Apostolum</strong></span> <span class='ocrx_word' id='word_1_941' title='bbox 3350 5322 3531 5397; x_wconf 85' lang='lat' dir='ltr'><strong>statim</strong></span> <span class='ocrx_word' id='word_1_942' title='bbox 3571 5320 3625 5375; x_wconf 91' lang='lat' dir='ltr'><strong>in</strong></span> 
     </span>
    </p>
   </div>
   <div class='ocr_carea' id='block_1_116' title="bbox 2012 5433 3139 5511">
    <p class='ocr_par' dir='ltr' id='par_1_116' title="bbox 2012 5433 3139 5511">
     <span class='ocr_line' id='line_1_116' title="bbox 2012 5433 3139 5511; baseline -0.015 -12"><span class='ocrx_word' id='word_1_943' title='bbox 2012 5470 2015 5473; x_wconf 55' lang='grc' dir='ltr'><strong>π</strong></span> <span class='ocrx_word' id='word_1_944' title='bbox 2051 5438 2510 5511; x_wconf 88' lang='lat' dir='ltr'><strong>consequentibus</strong></span> <span class='ocrx_word' id='word_1_945' title='bbox 2537 5433 2803 5505; x_wconf 82' lang='lat' dir='ltr'><strong>posuisse.</strong></span> <span class='ocrx_word' id='word_1_946' title='bbox 3135 5462 3139 5467; x_wconf 63' lang='grc' dir='ltr'><em>ι</em></span> 
     </span>
    </p>
   </div>
   <div class='ocr_carea' id='block_1_117' title="bbox 2120 5504 3626 5604">
    <p class='ocr_par' dir='ltr' id='par_1_117' title="bbox 2120 5504 3626 5604">
     <span class='ocr_line' id='line_1_117' title="bbox 2120 5504 3626 5604; baseline -0.023 -15"><span class='ocrx_word' id='word_1_947' title='bbox 2120 5504 2307 5604; x_wconf 76' lang='lat' dir='ltr'><strong>Legem</strong></span> <span class='ocrx_word' id='word_1_948' title='bbox 2343 5504 2654 5585; x_wconf 79' lang='lat' dir='ltr'><strong>evacuamus</strong></span> <span class='ocrx_word' id='word_1_949' title='bbox 2700 5536 2793 5594; x_wconf 82' lang='lat' dir='ltr'><strong>per</strong></span> <span class='ocrx_word' id='word_1_950' title='bbox 2833 5516 3040 5589; x_wconf 76' lang='lat' dir='ltr'><strong>ﬁdem?</strong></span> <span class='ocrx_word' id='word_1_951' title='bbox 3081 5512 3229 5569; x_wconf 82' lang='lat' dir='ltr'><strong>Absit</strong></span> <span class='ocrx_word' id='word_1_952' title='bbox 3270 5526 3290 5566; x_wconf 89' lang='lat'><strong><em>:</em></strong></span> <span class='ocrx_word' id='word_1_953' title='bbox 3327 5505 3417 5563; x_wconf 84' lang='lat' dir='ltr'><strong>sed</strong></span> <span class='ocrx_word' id='word_1_954' title='bbox 3464 5504 3626 5573; x_wconf 80' lang='lat' dir='ltr'><strong>legem</strong></span> 
     </span>
    </p>
   </div>
   <div class='ocr_carea' id='block_1_118' title="bbox 2049 5604 3627 5694">
    <p class='ocr_par' dir='ltr' id='par_1_118' title="bbox 2049 5604 3627 5694">
     <span class='ocr_line' id='line_1_118' title="bbox 2049 5604 3627 5694; baseline -0.025 -11"><span class='ocrx_word' id='word_1_955' title='bbox 2049 5625 2350 5683; x_wconf 82' lang='lat' dir='ltr'><strong>statuimus.</strong></span> <span class='ocrx_word' id='word_1_956' title='bbox 2384 5618 2569 5694; x_wconf 73' lang='lat' dir='ltr'><strong>(Aug)</strong></span> <span class='ocrx_word' id='word_1_957' title='bbox 2598 5614 2752 5683; x_wconf 88' lang='lat' dir='ltr'><strong>Quod</strong></span> <span class='ocrx_word' id='word_1_958' title='bbox 2792 5620 2973 5667; x_wconf 87' lang='lat' dir='ltr'><strong>autem</strong></span> <span class='ocrx_word' id='word_1_959' title='bbox 3016 5606 3151 5665; x_wconf 90' lang='lat' dir='ltr'><strong>dicit</strong></span> <span class='ocrx_word' id='word_1_960' title='bbox 3188 5604 3362 5675; x_wconf 88' lang='lat' dir='ltr'><strong>legem</strong></span> <span class='ocrx_word' id='word_1_961' title='bbox 3408 5609 3627 5694; x_wconf 67' lang='lat' dir='ltr'><strong>euacua-</strong></span> 
     </span>
    </p>
   </div>
   <div class='ocr_carea' id='block_1_119' title="bbox 2051 5686 3624 5786">
    <p class='ocr_par' dir='ltr' id='par_1_119' title="bbox 2051 5686 3624 5786">
     <span class='ocr_line' id='line_1_119' title="bbox 2051 5686 3624 5786; baseline -0.023 -14"><span class='ocrx_word' id='word_1_962' title='bbox 2051 5734 2167 5772; x_wconf 84' lang='lat' dir='ltr'><strong>mus</strong></span> <span class='ocrx_word' id='word_1_963' title='bbox 2187 5732 2279 5786; x_wconf 85' lang='lat' dir='ltr'><strong>per</strong></span> <span class='ocrx_word' id='word_1_964' title='bbox 2303 5686 2461 5782; x_wconf 78' lang='lat' dir='ltr'><strong>ﬁdem</strong></span> <span class='ocrx_word' id='word_1_965' title='bbox 2484 5686 2659 5764; x_wconf 54' lang='lat' dir='ltr'><strong>{sua</strong></span> <span class='ocrx_word' id='word_1_966' title='bbox 2673 5747 2690 5775; x_wconf 90' lang='lat'><strong>,</strong></span> <span class='ocrx_word' id='word_1_967' title='bbox 2720 5705 2815 5763; x_wconf 89' lang='lat' dir='ltr'><strong>sed</strong></span> <span class='ocrx_word' id='word_1_968' title='bbox 2843 5703 3013 5774; x_wconf 84' lang='lat' dir='ltr'><strong>legem</strong></span> <span class='ocrx_word' id='word_1_969' title='bbox 3034 5696 3420 5786; x_wconf 70' lang='lat' dir='ltr'><strong>justiﬁcamus,</strong></span> <span class='ocrx_word' id='word_1_970' title='bbox 3445 5686 3499 5786; x_wconf 62' lang='lat' dir='ltr'><strong>in</strong></span> <span class='ocrx_word' id='word_1_971' title='bbox 3519 5688 3624 5786; x_wconf 73' lang='lat' dir='ltr'><strong>est,</strong></span> 
     </span>
    </p>
   </div>
   <div class='ocr_carea' id='block_1_120' title="bbox 2050 5773 3627 5871">
    <p class='ocr_par' dir='ltr' id='par_1_120' title="bbox 2050 5773 3627 5871">
     <span class='ocr_line' id='line_1_120' title="bbox 2050 5773 3627 5871; baseline -0.026 -2"><span class='ocrx_word' id='word_1_972' title='bbox 2050 5773 2352 5867; x_wconf 73' lang='lat' dir='ltr'><strong>ﬁrmamus.</strong></span> <span class='ocrx_word' id='word_1_973' title='bbox 2402 5801 2509 5859; x_wconf 88' lang='lat' dir='ltr'><strong>Sed</strong></span> <span class='ocrx_word' id='word_1_974' title='bbox 2560 5773 2725 5870; x_wconf 84' lang='lat' dir='ltr'><strong>quem</strong></span> <span class='ocrx_word' id='word_1_975' title='bbox 2774 5795 2845 5852; x_wconf 88' lang='lat' dir='ltr'><strong>ad</strong></span> <span class='ocrx_word' id='word_1_976' title='bbox 2872 5790 3108 5859; x_wconf 82' lang='lat' dir='ltr'><strong>modum</strong></span> <span class='ocrx_word' id='word_1_977' title='bbox 3146 5778 3411 5842; x_wconf 88' lang='lat' dir='ltr'><strong>ﬁrmanda</strong></span> <span class='ocrx_word' id='word_1_978' title='bbox 3450 5773 3627 5829; x_wconf 87' lang='lat' dir='ltr'><strong>fuerat</strong></span> 
     </span>
    </p>
   </div>
  </div>
