4056 6336
520 313 655 372 1551

1153 313 1212 366 Β.
1254 307 1504 366 RABANI
1539 309 1758 367 MAURI
1795 309 2112 366 ARCHIEP.
2153 309 2756 368 MOGUNT.OPERUM
2793 309 2974 367 PARS
3003 311 3090 367 ΙΙΙ.

3655 311 3837 370 1⁸552

513 432 646 479 tecta
669 429 790 476 sunt
817 429 1030 491 peccata
1059 437 1078 474 :
1103 419 1281 472 beatus
1319 421 1398 473 vir
1425 421 1510 472 cui
1552 437 1656 473 non
1693 421 1966 489 imputavit
1995 419 2104 472 Do-
2129 425 2180 485 Α
2205 430 2263 474 ιιι
2292 422 2506 490 penitus
2541 424 2790 478 ostendat
2823 440 2930 478 non
2981 439 3138 494 posse
3175 423 3477 494 iustiﬁcari
3501 425 3831 485 hominem

513 515 686 567 minus
721 520 1009 582 peccatum.
1053 509 1338 565 Manifesta
1378 509 1522 564 beati
1562 518 1708 574 sunt,
1745 510 1940 579 quibus
1983 509 2098 562 sine

515 602 700 657 labore
727 602 904 670 aliquo
947 601 1292 656 remittuntur
1331 600 1642 669 iniquitates
1676 607 1731 653 et
1767 609 1984 668 peccata
2022 607 2098 654 te-

515 701 734 763 guntur,
762 690 906 745 nulla
931 691 1001 746 ab
1023 690 1108 746 his
1132 690 1406 758 requisita
1424 690 1756 759 paenitentiae
1782 703 1967 758 opera,
1993 690 2098 744 nisi

518 793 726 839 tantum
759 791 820 838 ut
850 785 1091 838 credant.
1123 783 1322 837 Beatus
1347 783 1513 838 etiam
1548 783 1637 837 hic
1659 783 1742 836 vir
1770 791 1853 837 est
1881 783 1965 836 cui
1995 799 2098 836 non

514 875 786 945 imputavit
840 874 1095 928 Dominus
1139 883 1426 944 peccatum.
1476 873 1775 930 Remittere
1814 883 1868 929 et
1913 883 2099 943 tegere

515 973 572 1022 et
596 981 701 1021 non
728 965 994 1033 imputare
1013 978 1118 1018 una
1149 964 1286 1018 ratio
1309 973 1365 1018 et
1393 980 1530 1020 unus
1557 973 1642 1019 est
1669 979 1892 1029 sensus;
1918 964 2098 1019 omnia

514 1059 663 1114 enim
704 1072 813 1112 uno
856 1058 1014 1112 modo
1059 1057 1369 1112 obtinentur
1416 1066 1470 1110 et
1523 1057 1809 1112 donantur.
1873 1055 2098 1110 Videtur

515 1162 698 1208 autem
730 1151 1051 1221 quibusdam
1081 1151 1350 1220 tripartita
1380 1150 1518 1204 ratio
1552 1150 1605 1204 in
1637 1151 1720 1204 his
1755 1149 1936 1213 dictis,
1973 1149 2098 1218 quia

514 1241 744 1298 diversis
764 1241 1024 1311 propheta
1052 1241 1231 1294 verbis
1267 1255 1397 1294 usus
1437 1247 1539 1304 est,
1581 1248 1638 1294 et
1669 1241 1794 1309 quia
1833 1255 1864 1293 a
1905 1237 2096 1309 plurali

513 1345 741 1386 numero
771 1331 838 1385 ad
879 1329 1203 1401 singularem
1242 1330 1548 1396 descendit;
1591 1346 1712 1385 cum
1760 1330 1904 1384 enim
1933 1330 2098 1385 verba

513 1425 609 1482 Dei
640 1426 695 1479 in
722 1425 1022 1479 ubertatem
1045 1423 1252 1493 gratiae,
1275 1424 1401 1492 quia
1416 1423 1623 1492 peccati
1646 1423 1861 1477 nomina
1887 1423 2098 1477 diversa

512 1524 662 1582 sunt,
691 1531 789 1586 per
817 1514 1132 1570 delictorum
1156 1513 1412 1570 vocabula
1438 1527 1758 1568 enumerare
1782 1511 1917 1577 vult,
1941 1512 2100 1566 latius

512 1607 725 1663 locutus
753 1617 867 1672 est;
905 1607 1065 1660 unius
1101 1614 1280 1660 tamen
1306 1604 1717 1676 signiﬁcationis
1752 1613 1878 1659 sunt
1911 1603 2094 1668 verba,

512 1698 638 1767 quia
667 1705 722 1751 et
753 1712 877 1752 eum
901 1697 1051 1766 tegit,
1084 1695 1332 1760 remittit,
1361 1703 1561 1765 etcum
1588 1695 1835 1757 remittit,
1868 1709 1973 1748 non
2004 1694 2101 1748 im-

2200 527 2296 582 per
2322 514 2492 585 legem
2533 517 2671 584 apud
2710 516 2896 581 Deum,
2934 533 3110 588 neque
3143 519 3547 588 promissionem
3579 537 3711 591 per
3739 529 3832 575 te-

2201 619 2320 674 gem
2351 605 2464 660 ﬁeri
2495 608 2753 675 potuisse.
2785 607 2915 673 Lex,
2961 609 3057 673 ait,
3103 609 3240 664 iram
3270 621 3544 680 operatur,
3578 611 3669 666 ad
3711 613 3830 667 hoc

2200 697 2344 750 enim
2389 698 2513 751 data
2558 707 2642 754 est
2687 708 2747 753 ut
2787 715 2910 754 reos
2950 699 3152 755 faceret
3181 700 3548 772 delinquentes
3594 719 3615 756 :
3670 703 3830 756 fides

2199 797 2378 842 autem
2419 790 2617 844 donum
2675 799 2759 845 est
2805 791 3187 847 misericordia:
3232 792 3349 858 Dei,
3385 802 3445 847 ut
3473 809 3571 864 per
3620 793 3825 865 legem

2199 879 2278 931 rei
2318 878 2468 944 facti,
2510 881 2722 936 veniam
2767 891 3189 952 consequantur.
3243 883 3447 940 Idcirco
3485 887 3633 941 ﬁdes
3677 903 3828 958 gau-

2199 970 2344 1024 dium
2379 981 2648 1040 operatur,
2686 988 2792 1028 non
2827 984 3015 1030 contra
3048 973 3218 1045 legem
3253 974 3511 1044 loquitur,
3552 977 3670 1032 sed
3720 993 3826 1032 an-

2200 1063 2403 1132 teponit
2432 1062 2506 1126 illi
2537 1063 2719 1129 ﬁdem,
2752 1065 2876 1133 quia
2905 1065 2997 1135 qui
3027 1080 3123 1133 per
3156 1065 3326 1132 legem
3354 1065 3488 1120 salvi
3523 1081 3666 1121 esse
3704 1083 3824 1121 non

2196 1163 2468 1222 poterant,
2508 1155 2681 1225 gratia
2719 1155 2815 1209 Dei
2837 1156 3110 1210 salvantur
3141 1171 3237 1225 per
3266 1156 3444 1212 ﬁdem.
3498 1155 3630 1212 Non
3680 1173 3824 1231 ergo

2198 1242 2284 1297 lex
2312 1244 2392 1297 ira
2423 1253 2528 1312 est,
2552 1245 2645 1300 sed
2687 1246 2819 1300 iram
2843 1255 3102 1316 operatur
3129 1248 3397 1316 peceanti,
3435 1249 3487 1303 id
3525 1260 3647 1314 est,
3689 1267 3820 1320 pa:-

2193 1350 2348 1406 gnam,
2385 1335 2510 1390 dum
2546 1352 2650 1391 non
2687 1338 2935 1407 ignoscit,
2963 1338 3055 1392 sed
3097 1339 3350 1394 vindicat.
3399 1337 3589 1410 (Aug.)
3635 1340 3818 1396 Pinna

2197 1425 2343 1477 enim
2380 1439 2476 1493 per
2526 1425 2661 1480 iram
2713 1436 3020 1497 generatur.
3059 1428 3142 1483 Ira
3195 1440 3375 1484 autem
3423 1432 3695 1488 nascitur
3747 1449 3816 1487 ex

2155 1525 2160 1532 '
2197 1524 2453 1584 peccato;
2481 1530 2544 1570 ac
2567 1531 2665 1586 per
2692 1517 2796 1572 hoc
2821 1519 3050 1588 relinqui
3083 1519 3196 1574 vult
3216 1520 3406 1592 legem,
3439 1533 3500 1576 ut
3528 1524 3604 1576 ad
3643 1522 3816 1580 ﬁdem

2199 1603 2694 1675 eonfugiatur,qu:e
2722 1606 2919 1662 delicta
2951 1609 3260 1679 agnoscitur
3281 1609 3509 1665 solvere.
3533 1610 3813 1667 Destrue-

2200 1703 2348 1749 retur
2369 1696 2674 1764 promissio,
2700 1697 2745 1751 si
2769 1714 2835 1752 ex
2868 1697 2983 1769 lege
3008 1698 3292 1769 quisquam
3319 1698 3502 1768 justus
3529 1713 3729 1767 esset;
3769 1703 3813 1756 si

510 1796 702 1859 putat;
749 1787 816 1840 ad
842 1788 1053 1842 laudem
1092 1789 1278 1858 gratia:
1315 1789 1408 1843 Dei
1446 1788 1708 1858 prolixius
1749 1787 2009 1856 loquitur,
2043 1793 2102 1841 ut
2131 1779 2178 1840 Β
2201 1786 2344 1840 enim
2379 1787 2471 1856 qui
2505 1803 2574 1842 ex
2614 1788 2732 1859 lege
2774 1791 3012 1845 haeredes
3045 1798 3195 1857 sunt,
3221 1791 3496 1846 exinanita
3521 1801 3613 1846 est
3647 1793 3807 1857 ﬁdes,

512 1880 805 1950 ampliﬁcet
825 1880 1080 1950 gratiam.
1134 1879 1268 1935 Tres
1293 1880 1439 1934 enim
1475 1880 1674 1950 gradus
1703 1880 1849 1945 fecit,
1885 1888 2105 1950 propter

512 1972 829 2036 delictorum
846 1971 1164 2026 varietatem
1182 1990 1195 2026 :
1213 1987 1444 2041 quorum
1467 1973 1674 2041 primus
1694 1973 1890 2044 gradus
1906 1971 2106 2042 iniqui-

513 2073 596 2118 tas
618 2072 700 2119 est
719 2062 803 2116 vel
831 2063 1113 2132 impietas;
1139 2063 1262 2116 dum
1289 2077 1395 2116 non
1416 2064 1726 2132 agnoscitur
1751 2071 1980 2118 creator.
2009 2061 2107 2116 Se-

511 2153 719 2208 cundus
738 2153 791 2205 in
815 2153 1055 2223 gravium
1077 2161 1422 2223 peccatorum
1448 2153 1720 2223 operibus.
1740 2153 1956 2208 Tertius
1975 2168 2105 2208 vero

510 2245 708 2304 levium
738 2262 751 2298 :
785 2245 885 2298 hos
921 2253 1101 2298 tamen
1139 2259 1330 2300 omnes
1366 2245 1421 2299 in
1451 2245 1771 2314 baptismate
1805 2243 2101 2299 obliterari.

509 2335 704 2390 Tribus
734 2336 820 2390 his
848 2335 1102 2406 gradibus
1123 2336 1291 2391 totius
1310 2335 1516 2406 peccati
1543 2351 1738 2406 corpus
1757 2335 2100 2406 signiﬁcavit.

509 2427 968 2494 Quemadmodum
996 2435 1174 2481 autem
1205 2427 1274 2480 ad
1293 2427 1668 2496 paenitentiam
1695 2442 1979 2496 personam
2008 2442 2106 2497 po-

506 2526 614 2574 test
627 2519 914 2586 pertinere,
939 2533 1063 2572 cum
1082 2518 1232 2581 dicit,
1255 2517 1425 2584 Beati,
1448 2534 1672 2588 quorum
1693 2526 1826 2571 tecta
1850 2526 1971 2572 sunt
1992 2535 2105 2588 pec-

505 2619 657 2674 cata;
687 2625 811 2664 eum
845 2617 1057 2665 constet
1092 2609 1421 2680 ptenitentes
1453 2609 1637 2664 labore
1674 2617 1730 2664 et
1769 2609 1972 2680 gemitu
2018 2625 2104 2664 re-

505 2703 820 2759 missionem
835 2713 1180 2774 peccatorum
1207 2703 1523 2774 acquirere?
1540 2712 1635 2757 aut
1663 2703 1933 2773 quomodo
1959 2718 2102 2757 mar-

503 2797 646 2868 tyrio
671 2797 942 2868 congruit,
966 2797 1110 2867 quod
1131 2796 1264 2852 dicit
1295 2815 1308 2850 :
1337 2796 1531 2851 Beatus
1553 2797 1650 2858 vir,
1680 2797 1766 2849 cui
1799 2813 1904 2850 non
1931 2797 2101 2864 impu-

501 2892 629 2944 tauit
665 2890 919 2944 Dominus
960 2899 1250 2960 peccatum,
1289 2905 1416 2944 eum
1443 2889 1680 2944 sciamus
1711 2888 1937 2957 gloriam
1956 2904 2100 2943 mar-

503 2981 628 3050 tyrii
669 2981 1011 3050 passionibus
1037 2989 1094 3036 et
1134 2982 1406 3050 pressuris
1439 2980 1683 3049 acquiri?
1709 2980 1977 3050 Propheta
2005 2997 2101 3034 au-

501 3080 613 3126 tem
637 3081 847 3141 tempus
891 3071 1018 3126 felix
1066 3073 1370 3141 praevidens
1412 3071 1466 3126 in
1512 3071 1811 3126 Salvatoris
1843 3072 2092 3135 adventu,

500 3159 692 3216 beatos
714 3169 1007 3230 nuncupat,
1030 3161 1226 3232 quibus
1251 3162 1370 3216 sine
1398 3161 1582 3216 labore
1621 3160 1706 3216 vel
1732 3160 1910 3231 aliquo
1931 3177 2093 3230 opere
2121 3143 2166 3205 C

499 3265 598 3320 per
621 3251 896 3306 lavacrum
927 3253 1306 3318 remittuntur;
1333 3261 1390 3308 et
1413 3261 1688 3325 teguntur,
1716 3263 1770 3309 et
1789 3270 1896 3309 non
1922 3255 2094 3324 impu-

500 3351 688 3397 tantur
723 3353 966 3413 peccata.
996 3345 1286 3416 Apostolus
1328 3355 1508 3401 tamen
1539 3355 1759 3418 propter
1801 3348 2091 3417 plenitudi-

500 3449 626 3489 nem
648 3425 949 3504 temporum
971 3475 986 3501 ,
1031 3443 1086 3491 et
1121 3437 1247 3506 quia
1273 3437 1392 3506 plus
1419 3439 1607 3509 gratia:
1634 3439 1688 3493 in
1728 3439 1986 3508 apostolis
2011 3448 2096 3496 est

498 3538 662 3603 quam
701 3521 803 3578 fuit
848 3524 902 3578 in
948 3526 1254 3595 prophetis,
1294 3527 1500 3599 majora
1524 3538 1858 3598 protestatur
1881 3545 2000 3599 quae
2024 3545 2093 3585 ex

497 3615 639 3670 dono
660 3616 998 3685 baptismatis
1046 3620 1448 3689 consequimur,
1491 3621 1617 3691 quia
1653 3637 1759 3676 non
1801 3621 1972 3676 solum
2008 3638 2093 3677 re-

497 3707 810 3764 missionem
848 3719 1190 3779 peccatorum
1223 3712 1468 3782 accipere
1504 3728 1622 3778 nos,
1671 3713 1765 3768 sed
1806 3721 1861 3768 et
1890 3712 2093 3781 justiﬁ-

497 3797 635 3861 cari,
650 3807 704 3851 et
722 3797 859 3852 ﬁlios
877 3799 972 3853 Dei
990 3799 1107 3854 ﬁeri
1129 3802 1431 3870 proﬁtetur,
1451 3809 1512 3855 ut
1534 3802 1808 3856 beatitudo
1832 3803 1947 3857 lucc
1968 3819 2091 3872 per-

495 3888 696 3945 fectam
735 3891 931 3946 habeat
960 3900 1012 3946 et
1052 3893 1396 3947 securitatem
1427 3901 1481 3948 et
1509 3893 1754 3966 gloriam.
1785 3893 1938 3948 Beati
1965 3911 2092 3965 quo-

496 3997 614 4035 rum
642 3983 868 4036 remissa:
905 3991 1026 4036 sunt
1059 3984 1381 4054 iniquitates,
1424 3995 1472 4039 et
1515 4002 1758 4056 quorum,
1799 3995 1932 4038 tecta
1966 3995 2088 4040 sunt

495 4083 724 4144 peccata.
763 4072 960 4146 (0rig.)
989 4075 1248 4146 lniquitas
1273 4094 1404 4134 sane
1437 4095 1470 4134 a
1506 4090 1727 4149 peccato
1758 4081 1897 4133 hanc
1924 4078 2089 4132 habet

496 4163 877 4232 differentiam,
904 4168 1054 4243 quod
1095 4169 1351 4238 iniquitas
1387 4171 1440 4224 in
1485 4171 1570 4225 bis
1607 4171 1805 4225 dicitur
1845 4186 1965 4240 qua:
2003 4178 2087 4224 est

497 4254 602 4308 ista
624 4253 835 4321 justitia
880 4256 1026 4318 ﬁdei.
1069 4258 1136 4312 de
1171 4275 1277 4328 qua
1314 4261 1368 4314 in
1407 4261 1775 4328 superioribus
1805 4261 2082 4326 scribitur,

496 4352 726 4411 ut'saepe
745 4345 857 4413 jam
889 4346 1146 4411 diximus,
1172 4349 1300 4417 quia
1336 4350 1555 4402 credidit
1582 4352 1846 4404 Abraham
1874 4351 2004 4417 Deo,
2035 4362 2082 4406 et

495 4444 795 4505 reputatum
819 4445 896 4490 est
936 4437 1015 4490 illi
1053 4439 1120 4491 ad
1156 4439 1444 4509 justitiam,
1489 4456 1590 4495 nee
1637 4443 1907 4497 immerito
1949 4443 2083 4513 legis

493 4501 837 4582 observantia
873 4542 1090 4597 poenam
1133 4501 1502 4585 tantummodo
1539 4529 1746 4600 eﬁ‘ugit,
1788 4532 1910 4588 ﬁdei
1955 4501 2085 4590 vero
2109 4501 2161 4559 D

493 4621 748 4676 meritum
795 4637 946 4692 spem
991 4621 1424 4692 repromissionis
1452 4633 1748 4693 exspectat,
1797 4634 1851 4680 et
1885 4641 2087 4695 praece-

491 4721 645 4783 ptum
691 4714 864 4768 servis
908 4713 1153 4782 ponitur,
1201 4712 1334 4768 ﬁdes
1370 4716 1627 4783 quaeritur
1663 4717 1730 4769 ab
1773 4717 1982 4770 amicis.
2024 4717 2087 4773 Si

491 4807 628 4861 enim
650 4806 739 4877 qui
761 4823 824 4860 ea:
852 4806 978 4875 lege,
1009 4806 1062 4858 lii
1091 4814 1212 4860 sunt
1240 4807 1490 4860 hwredes.
1521 4806 1825 4878 (Atnbr.)ld
1847 4817 1950 4872 est,
1981 4807 2027 4863 si
2052 4809 2088 4863 ii

491 4899 582 4968 qui
607 4913 673 4952 ex
727 4897 844 4968 lege
871 4897 955 4952 vel
986 4897 1086 4952 sub
1111 4896 1224 4966 lege
1245 4907 1401 4963 sunt,
1434 4898 1674 4952 haeredes
1702 4914 1768 4952 ex
1793 4899 1912 4969 lege
1940 4907 2086 4964 sunt,

491 4989 767 5042 Evacuata
812 4996 885 5041 est
932 4987 1098 5056 ﬁdes,
1146 4987 1340 5041 abolita
1385 4997 1459 5041 est
1507 4988 1802 5056 promissio.
1855 4987 2081 5041 Manife-

491 5090 635 5136 stum
674 5089 760 5135 est
801 5082 1056 5148 quoniam
1096 5079 1140 5134 si
1173 5095 1240 5135 ex
1276 5079 1393 5149 lege
1428 5079 1746 5144 haereditas,
1794 5080 2083 5148 promissio

491 5186 614 5242 qua:
657 5186 724 5225 ex
771 5170 875 5224 ﬁde
917 5171 1058 5225 facta
1099 5179 1181 5224 est
1219 5169 1491 5222 Abraham
1521 5169 1574 5223 in
1605 5169 1878 5224 interitum
1909 5169 2076 5223 venit.

494 5261 600 5317 Sed
625 5277 734 5318 non
759 5270 844 5317 est
865 5277 963 5334 per
986 5263 1160 5333 legem
1179 5260 1322 5316 facta
1348 5261 1654 5330 promissio,
1688 5261 1782 5316 sed
1811 5276 1905 5330 per
1919 5261 2082 5332 justi-

493 5357 624 5412 tiam
653 5355 778 5412 ﬁdei
799 5357 1118 5423 haereditas;
1156 5356 1393 5411 ostendit
1436 5355 1581 5410 enim
1628 5355 1915 5424 Apostolus
1945 5355 2076 5425 quid

383 5477 392 5486 υ
492 5449 566 5506 sit
586 5448 712 5504 mali
740 5449 1110 5504 baereditatem
1138 5461 1359 5517 sperare
1384 5464 1449 5503 ex
1473 5447 1611 5518 lege.

563 5539 672 5595 Lea:
716 5542 855 5596 enim
902 5541 1039 5593 iram
1083 5549 1345 5608 operatur.
1394 5538 1547 5604 Quod
1597 5546 1780 5594 autem
1830 5538 1940 5605 ait,
1992 5539 2077 5593 lex

491 5633 630 5687 enim
659 5633 795 5687 iram
825 5638 1105 5700 operatur,
1151 5630 1443 5685 vindictam
1483 5630 1751 5701 signiﬁcat
1784 5650 1794 5684 :
1829 5631 1898 5686 ad
1925 5630 2073 5685 illum

495 5724 787 5780 secundum
809 5721 1034 5785 gradum
1048 5721 1284 5780 Dertlnet
1311 5737 1436 5778 cum
1459 5730 1543 5778 est
1561 5723 1790 5794 quisque
1809 5725 1911 5779 sub
1934 5723 2072 5794 lege,

2206 1887 2462 1932 evacuata
2484 1887 2563 1933 est
2595 1879 2899 1950 promissio.
2943 1880 3053 1936 Lex
3088 1881 3230 1937 enim
3262 1882 3398 1936 iram
3434 1893 3715 1952 operatur
3744 1883 3811 1938 ad

2206 1967 2310 2023 hoc
2343 1970 2527 2038 utique
2549 1971 2617 2024 ad
2650 1971 2786 2026 iram
2814 1973 3144 2028 evadendam
3187 1973 3280 2027 Dei
3328 1974 3504 2044 gratia
3549 1976 3809 2044 requira-

2207 2067 2316 2113 tur.
2341 2052 2452 2114 Cur
2476 2077 2582 2116 non
2612 2062 2911 2129 attenditis,
2941 2079 3088 2135 rogo,
3118 2063 3240 2118 ideo
3269 2078 3374 2118 non
3397 2079 3518 2120 esse
3548 2065 3810 2120 luere-dos

2205 2166 2272 2206 ex
2315 2152 2452 2224 lege,
2495 2155 2621 2225 quia
2656 2155 2741 2209 lex
2787 2156 2923 2210 iram
2962 2158 3252 2227 operatur?
3279 2159 3368 2213 ubi
3399 2157 3548 2212 enim
3580 2175 3697 2213 non
3727 2168 3809 2213 est

2206 2242 2313 2310 lex,
2342 2261 2440 2315 nec
2479 2247 2851 2316 przevaricatio
2879 2265 2892 2302 :
2923 2247 3043 2302 ideo
3081 2258 3260 2303 autem
3299 2266 3368 2304 ex
3410 2251 3807 2320 promissione,

2205 2336 2328 2406 quia
2355 2337 2496 2392 Deus
2525 2339 2667 2407 quod
2689 2339 2935 2409 promisit
2958 2339 3072 2408 ipse
3092 2338 3240 2404 facit,
3281 2341 3372 2410 qui
3412 2340 3560 2394 enim
3599 2356 3804 2411 praece-

2205 2435 2296 2495 pta
2323 2425 2457 2496 legis
2486 2427 2709 2492 implere
2759 2443 2817 2482 se
2870 2436 3044 2498 putat,
3093 2443 3190 2499 per
3245 2427 3526 2482 arbitrium
3586 2430 3804 2500 proprie

2206 2516 2498 2571 voluntatis
2545 2518 2660 2572 sine
2695 2517 2885 2587 spiritu
2923 2517 3129 2588 gratiae,
3177 2533 3330 2572 suam
3367 2518 3648 2589 justitiam
3698 2519 3800 2574 vult

2205 2609 2549 2672 constituere,
2580 2625 2684 2665 non
2708 2608 2972 2677 justitiam
2994 2609 3090 2664 Dei
3113 2624 3346 2665 sumere.
3371 2608 3574 2680 (Oi-ig.)
3604 2612 3796 2665 Verum

2203 2703 2330 2756 utin
2363 2703 2731 2772 superioribus
2757 2717 2898 2773 saepe
2921 2701 3031 2773 jam
3059 2701 3310 2767 diximus,
3340 2702 3589 2757 diversas
3621 2703 3676 2756 in
3701 2703 3795 2756 hac

2201 2796 2441 2866 Epistula
2467 2796 2611 2866 leges
2636 2793 3251 2865 Apostolusintroducit,
3290 2801 3346 2848 et
3378 2809 3526 2850 nunc
3561 2795 3792 2865 loquitur

2202 2888 2268 2942 de
2296 2887 2435 2959 Lege
2458 2887 2643 2959 Moysi,
2684 2903 2822 2942 nunc
2853 2887 3024 2959 legem
3055 2887 3177 2940 ﬁdei
3203 2886 3468 2952 nominat,
3497 2887 3648 2942 sicut
3676 2903 3788 2942 cum

2201 2979 2330 3034 dicit
2359 2999 2371 3033 :
2404 2978 2503 3033 Ubi
2536 2989 2613 3033 est
2647 2995 2767 3049 ergo
2811 2979 3054 3048 gloriatio
3093 2978 3234 3031 tua?
3281 2977 3516 3033 Exclusit
3552 2989 3651 3034 est.
3692 2977 3785 3032 Per

2201 3086 2358 3140 quam
2385 3069 2588 3139 legem?
2621 3067 2850 3140 Operam
2867 3071 2892 3121 Ρ
2918 3068 3060 3133 Νοη,
3087 3068 3177 3122 sed
3196 3084 3291 3139 per
3314 3068 3476 3140 legem
3497 3071 3667 3138 ﬁdei;
3696 3071 3785 3122 du-

2198 3159 2272 3213 cit
2318 3167 2579 3228 przeterea
2624 3167 2677 3212 et
2719 3158 2853 3212 alias
2899 3155 3144 3228 leges’de
3191 3158 3384 3228 quibus
3421 3160 3604 3214 dicit:
3662 3159 3783 3214 Con—

2197 3246 2425 3302 delector
2445 3249 2582 3302 enim
2615 3247 2716 3318 legi
2749 3246 2846 3300 Dei
2879 3246 3158 3301 secundum
3182 3249 3478 3324 interiorem
3504 3251 3777 3314 hominem,

2198 3341 2342 3395 video
2371 3351 2544 3395 autem
2573 3339 2736 3394 aliam
2765 3339 2924 3410 legem
2953 3341 3008 3393 in
3046 3341 3288 3394 membris
3327 3344 3454 3397 meis
3489 3359 3775 3414 repugnan-

2197 3440 2298 3485 tem
2328 3430 2428 3502 legi
2452 3432 2636 3485 mentis
2664 3447 2812 3496 mete,
2853 3440 2901 3484 et
2938 3431 3198 3500 captivum
3224 3447 3305 3486 me
3327 3432 3609 3488 ducentem
3639 3435 3690 3486 in
3711 3433 3775 3486 leo

2195 3540 2256 3594 ge
2282 3522 2478 3594 peccati
2500 3521 2677 3595 (Rom.
2711 3523 2842 3594 vn);
2867 3531 2922 3578 et
2958 3523 3033 3578 ita
3056 3524 3121 3578 de
3141 3539 3244 3578 una
3278 3525 3346 3580 ad
3372 3525 3603 3582 alteram
3623 3527 3772 3596 legem

2197 3615 2420 3679 transit,
2447 3624 2507 3668 ut
2531 3615 2636 3669 nisi
2653 3629 2844 3670 sensus
2869 3615 3097 3686 vigilans
3122 3625 3177 3670 et
3201 3616 3438 3674 intentus
3467 3619 3569 3687 sit,
3599 3620 3772 3688 deprc-

2195 3707 2430 3762 bendere
2457 3721 2581 3761 eum
2607 3717 2662 3762 et
2686 3709 2836 3777 sequi
2865 3709 2955 3763 vix
2983 3710 3171 3779 possit.
3219 3709 3519 3766 Videndum
3557 3722 3637 3767 est
3661 3725 3770 3778 ergo

2193 3811 2262 3851 ne
2290 3796 2427 3852 forte
2459 3797 2548 3852 illa
2577 3797 2663 3852 lex
2703 3814 2822 3868 quae
2859 3807 2943 3854 est
2976 3799 3029 3854 in
3071 3800 3328 3855 membris
3357 3803 3596 3867 nostris,
3624 3810 3672 3855 et
3695 3814 3769 3852 ca-

2191 3888 2368 3958 ptivos
2395 3903 2492 3942 nos
2521 3888 2668 3942 ducit
2710 3891 2764 3942 in
2792 3887 2905 3959 lege
2951 3890 3180 3959 peccati,
3220 3889 3333 3959 ipsa
3370 3891 3441 3945 sit
3489 3890 3578 3945 lex
3621 3901 3762 3958 quant

2189 3977 2479 4047 Apostolus
2517 3978 2652 4033 iram
2698 3979 2826 4033 dicit
2877 3981 3122 4050 operari;
3172 3989 3427 4051 operatur
3474 3983 3621 4036 enim
3664 3978 3762 4032 sine

2190 4069 2353 4124 dubio
2388 4071 2521 4124 iram
2564 4071 2633 4134 ei,
2667 4087 2826 4141 quem
2853 4073 3126 4140 captivum
3161 4073 3374 4128 duxerit
3417 4074 3472 4129 in
3510 4075 3625 4145 lege
3654 4085 3758 4142 pce-

2189 4161 2313 4216 eati.
2350 4161 2448 4217 Ubi
2476 4169 2654 4216 autem
2686 4161 2772 4216 lex
2803 4161 2904 4216 ista
2936 4179 3042 4217 non
3072 4163 3252 4229 fuerit,
3283 4174 3489 4220 certum
3525 4174 3608 4220 est
3634 4160 3755 4232 quod

2187 4247 2260 4306 ibi
2278 4268 2377 4306 nec
2393 4252 2768 4322 praevaricatio
2782 4253 2904 4306 erit.
2923 4253 3021 4320 Qui
3042 4270 3168 4310 vero
3184 4256 3284 4309 sub
3306 4255 3406 4311 ista
3431 4256 3547 4327 lege
3561 4254 3752 4312 fuerint,

2187 4350 2579 4412 consequenter
2613 4359 2712 4399 nec
2751 4345 2990 4400 haeredes
3030 4355 3206 4401 erunt.
3247 4347 3398 4414 Quod
3424 4353 3525 4404 etsi
3561 4349 3623 4403 de
3655 4349 3752 4413 lege

2187 4436 2356 4506 Moysi
2394 4437 2805 4491 commemorari
2851 4437 2972 4506 quis
3003 4439 3152 4502 velit,
3191 4446 3245 4492 et
3277 4437 3457 4494 dicere
3487 4442 3610 4510 quia
3636 4438 3748 4490 iram

2187 4540 2462 4598 operatur,
2491 4543 2590 4598 pro
2616 4543 2680 4582 eo
2715 4526 2959 4583 fortassis
2986 4530 3101 4583 solo
3130 4531 3230 4585 hoc
3256 4531 3456 4600 poterit
3482 4532 3742 4587 atlirmarc.

2188 4621 2330 4690 quod
2342 4627 2656 4690 peccantem
2672 4620 2725 4673 in
2739 4635 2796 4674 se
2809 4630 2901 4674 aut
2914 4620 3085 4690 Iapida
3094 4621 3134 4674 ri
3150 4622 3424 4688 continuo,
3439 4615 3743 4677 autcremari

2189 4711 2402 4782 ignibus
2431 4711 2604 4783 jubet,
2633 4711 2716 4766 vel
2746 4713 2789 4766 si
2816 4713 2957 4782 quod
2983 4713 3125 4766 aliud
3153 4714 3506 4782 peccantibus
3523 4707 3737 4769 decerni-

2192 4813 2280 4859 tur
2302 4806 2355 4858 in
2377 4805 2493 4876 lege
2515 4804 2854 4874 supplicium,
2883 4813 2942 4859 ut
2962 4820 3120 4874 paena
3144 4807 3255 4876 ipsa
3279 4823 3400 4876 quae
3423 4803 3653 4877 peccanti
3680 4801 3738 4853 in-

2193 4896 2365 4951 fertur
2387 4913 2455 4950 ex
2477 4895 2615 4963 lege,
2640 4897 2720 4948 ira
2749 4911 2892 4950 nunc
2920 4895 2988 4949 ab
3009 4895 3268 4963 Apostolo
3287 4898 3559 4952 nominata
3581 4893 3732 4947 videa-

2189 4998 2300 5043 tttr.
2337 4988 2596 5043 Similiter
2630 4995 2685 5042 et
2721 4989 2786 5042 de
2815 4990 3254 5058 praevaricatione
3276 5031 3291 5055 ,
3331 4998 3390 5044 ut
3418 5007 3522 5044 non
3552 4997 3731 5042 omnem

2187 5079 2682 5149 prtevaricationem
2700 5079 3024 5150 generaliter
3039 5081 3092 5134 in
3111 5081 3211 5135 hoc
3231 5080 3346 5136 loco
3361 5089 3566 5137 astruat
3583 5071 3730 5147 appel-

2185 5169 2370 5235 latam,
2398 5171 2492 5225 sed
2517 5170 2633 5239 ejus
2651 5171 2741 5240 qui
2773 5171 2825 5224 in
2854 5170 2970 5241 lege
2989 5171 3195 5241 positus
3213 5172 3527 5242 deliquerit,
3551 5179 3604 5225 ut
3626 5177 3728 5238 gn-

2182 5261 2304 5316 vius
2325 5261 2580 5317 delictum
2602 5263 2848 5317 videatur
2870 5263 3011 5332 ejus.
3031 5264 3123 5332 qui
3146 5280 3243 5334 per
3272 5263 3440 5335 legem
3466 5258 3725 5335 prohibitus

2179 5362 2400 5423 peccat,
2432 5369 2591 5424 quam
2620 5355 2735 5424 ejus
2764 5356 2853 5423 qui
2879 5355 3023 5409 nulla
3054 5354 3216 5411 fuerit
3234 5355 3360 5427 lege
3382 5355 3720 5411 commonitus.

2251 5441 2350 5498 Ubi
2397 5446 2534 5498 enim
2579 5463 2682 5499 non
2715 5455 2790 5500 est
2831 5446 2936 5512 (ex,
2977 5463 3067 5500 nec
3097 5448 3477 5516 prtevaricatio.
3523 5431 3717 5517 (Ambr-l

2177 5536 2291 5594 Hoc
2328 5539 2460 5594 dicit
2505 5539 2629 5608 quia
2670 5538 2894 5594 sublatis
2922 5540 3030 5595 reis
3061 5540 3128 5596 de
3154 5550 3418 5610 potestate
3443 5540 3584 5611 legis,
3615 5532 3718 5586 da“

2177 5632 2350 5697 venia,
2388 5632 2762 5702 prtevaricatio
2789 5631 2933 5687 nulla
2967 5642 3052 5689 est
3075 5652 3087 5687 :
3107 5633 3386 5702 iustiﬁcati
3431 5633 3562 5690 enini
3591 5626 3713 5685 sum,

2175 5724 2266 5793 qui
2317 5737 2414 5793 per
2457 5720 2955 5791 prtevaricationem
2993 5722 3126 5794 legis
3170 5722 3381 5779 fuerant
3422 5721 3708 5794 peccatums-

3963 3131 3969 3377 φ

3959 3493 3963 3659 ῐ
