4056 6336
250 438 417 499 1555³

782 414 1337 494 ENARRATIONUM
1360 433 1432 490 IN
1474 434 1624 491 EPP.
1662 414 2045 533 PAULDLIB.
2083 436 2151 493 ll.
2188 467 2260 477 —
2294 436 2365 492 IN
2401 436 2624 495 EPIST.
2660 436 2752 494 AD
2793 392 2959 493 DOM.

3386 438 3526 495 1554

246 558 424 617 cessat
458 557 602 614 enim
637 557 904 613 factorum
936 555 1043 622 lex,
1072 555 1126 610 id
1154 562 1261 621 est,
1308 551 1616 609 observatio
1641 536 1837 608 sabba-4
1943 554 2081 609 sciat
2117 532 2173 610 et
2211 552 2453 623 Patrem,
2494 554 2569 610 ita
2614 569 2739 611 cum
2793 553 2967 609 credit
3013 551 3151 608 Filio
3168 553 3433 620 ,credisse
3470 570 3532 613 se

248 656 449 722 torum,
498 652 929 718 neomeniarum,
968 648 1397 706 circumcisionis
1424 688 1439 715 ,
1475 642 1724 703 escarum
1754 645 1838 702 di-

248 746 470 812 scretio,
528 744 778 801 animt-lis
829 744 1050 809 mortui,
1106 748 1200 796 aut
1253 740 1532 813 sanguinis
1600 730 1843 795 mustelae

247 820 573 895 observatio.
620 833 853 915 '(Orig.)’
888 835 1077 890 Potest
1109 834 1255 889 enim
1293 834 1409 889 ﬁeri
1448 841 1509 888 ut
1549 832 1621 889 sit
1662 831 1748 888 lex
1788 841 1844 915 et

248 926 624 1000 prasvaricatio
650 943 755 982 non
783 927 854 981 sit
873 926 1015 980 :‘non
1045 924 1432 996 potest'tamen
1454 920 1592 989 ﬁeri,
1622 931 1682 977 ut
1702 939 1841 993 prm-

248 1012 605 1079 varicatio‘si't
629 1019 721 1075 ubi
747 1018 829 1073 lex
862 1033 967 1072 non
997 1028 1099 1071 est.
1131 1015 1266 1070 Nam
1304 1026 1356 1072 et
1387 1015 1432 1070 si
1476 1014 1644 1087 Moysi
1673 1014 1845 1087 legem

250 1094 536 1184 ponamus,
581 1124 687 1165 non
734 1110 991 1165 continuo
1036 1123 1226 1163 omnes
1268 1108 1361 1179 qui
1397 1109 1497 1163 sub
1533 1106 1649 1179 lege
1678 1107 1847 1179 Moysi

249 1204 525 1269 vixerunt;
543 1198 597 1256 in
619 1200 1064 1273 praevaricatione
1080 1198 1208 1254 facti
1237 1207 1393 1254 sunt:
1419 1198 1658 1269 alioquin
1685 1198 1845 1255 simul

252 1302 309 1350 et
335 1295 631 1365 prophetas
659 1300 715 1347 et
742 1289 1122 1359 omnesjustos
1148 1291 1393 1346 videmur
1412 1290 1707 1357 involvere,
1741 1292 1846 1347 nisi

252 1384 396 1439 forte
434 1383 580 1439 dicat
630 1382 828 1453 aliquis
862 1379 1041 1450 juslos
1085 1396 1272 1437 omnes
1307 1391 1363 1437 et
1404 1383 1695 1453 prophetas
1739 1398 1847 1438 non

256 1482 366 1529 tam
397 1476 498 1531 sub
524 1475 643 1545 lege
666 1489 831 1544 quam
861 1473 961 1528 sub
987 1472 1091 1529 ﬁde
1116 1473 1340 1541 vixisse,
1373 1483 1692 1544 peccatores
1720 1490 1849 1531 vero

254 1579 311 1624 et
339 1564 568 1635 injustos
595 1564 729 1636 legis
765 1560 994 1620 vinculis
1020 1562 1187 1619 fuisse
1224 1565 1594 1621 constrictos:
1629 1566 1771 1621 sicut
1796 1574 1852 1621 et

255 1658 545 1729 Apostolus
572 1656 735 1723 dicit,
766 1658 893 1729 quia
908 1658 1055 1728 justo
1069 1658 1152 1712 lea:
1165 1670 1355 1713 nonest
1367 1660 1537 1730 posita
1552 1659 1604 1732 (Ι
1630 1658 1765 1714 Tim.
1786 1659 1848 1731 ι),

258 1756 353 1811 sed
393 1756 607 1827 injustis
632 1763 687 1823 et
711 1770 819 1811 non
847 1757 1096 1823 subditis,
1142 1757 1321 1827 impiis
1362 1766 1417 1811 et
1453 1754 1849 1826 peccatoribus,

257 1850 502 1906 scelestis
542 1861 597 1906 et
641 1849 899 1921 profanis,
956 1851 1239 1920 parricidis
1285 1858 1343 1905 et
1379 1848 1699 1913 matricidis,
1758 1848 1854 1902 ho-

1945 645 2084 702 sciat
2106 653 2163 701 et
2179 644 2349 701 Patri.
2372 696 2376 703 .
2612 710 2615 713 η

2020 738 2151 793 Ideo
2200 756 2265 794 ea:
2290 739 2418 809 ﬁde,
2444 748 2501 793 ut
2534 738 2821 795 secundum
2848 740 3080 809 gratiam
3105 740 3264 809 ﬁrma
3308 743 3378 798 sit
3404 759 3532 815 pro-

1946 833 2124 887 missio
2150 832 2292 886 omni
2333 832 2537 887 semini.
2567 832 2771 905 (Amb.)
2818 832 3001 888 Firma
3045 849 3316 910 essenon
3358 845 3538 909 potest

1945 922 2235 995 promissio
2270 923 2419 989 omni
2464 922 2679 988 semini,
2728 923 2832 977 hoc
2870 931 2972 990 est,
3021 925 3169 980 omni
3216 926 3423 982 homini
3468 943 3538 985 ex

1946 1014 2310 1086 omni.gente,
2342 1012 2447 1068 nisi
2478 1012 2642 1068 fuerit
2687 1028 2754 1067 ex
2802 1012 2929 1079 ﬁde,
2969 1013 3095 1084 quia
3120 1014 3274 1093 origo
3311 1018 3543 1087 promis-

1948 1106 2116 1163 sionis
2133 1122 2201 1162 ex
2227 1105 2334 1161 ﬁde
2359 1113 2465 1171 est,
2488 1121 2597 1161 non
2624 1120 2692 1161 ex
2717 1105 2857 1177 lege,
2873 1107 2998 1177 quia
3016 1106 3106 1177 qui
3131 1108 3233 1164 sub
3256 1108 3372 1180 lege
3391 1120 3539 1179 sunt,

1948 1199 2028 1254 rei
2057 1206 2183 1254 sunt
2216 1217 2229 1253 :
2256 1198 2543 1270 promissio
2566 1206 2747 1253 autem
2778 1199 2888 1254 reis
2941 1199 3059 1254 dari
3100 1216 3209 1257 non
3238 1211 3433 1272 potest,
3478 1220 3545 1261 ac

1948 1306 2047 1361 per
2084 1290 2189 1345 hoc
2232 1289 2554 1360 purilicandi
2596 1298 2723 1345 sunt
2764 1289 2914 1360 prius
2964 1306 3062 1361 per
3084 1291 3266 1359 ﬁdem,
3299 1302 3360 1349 ut
3397 1296 3546 1367 digni

1951 1380 2083 1434 ﬁant
2100 1380 2205 1436 dici
2233 1379 2325 1434 ﬁlii
2348 1379 2466 1446 Dei,
2491 1387 2545 1435 et
2558 1380 2628 1435 sit
2648 1380 2804 1435 ﬁrma
2823 1382 3130 1451 promissio.
3155 1382 3214 1439 Si
3243 1385 3389 1441 enim
3408 1386 3547 1443 ﬁlios

1950 1472 2047 1526 Dei
2067 1471 2340 1537 sedicant,
2365 1488 2488 1528 cum
2510 1472 2620 1527 sint
2636 1472 2742 1542 rei,
2776 1474 2879 1529 hoc
2908 1481 3010 1540 est,
3034 1473 3135 1529 sub
3156 1474 3296 1546 lege,
3328 1491 3438 1531 non
3465 1485 3552 1532 est

1951 1565 2188 1631 ﬁrmum;
2218 1566 2345 1637 quia
2373 1565 2467 1621 ﬁlii
2494 1565 2589 1621 Dei
2619 1565 2777 1622 liberi
2821 1576 2946 1621 sunt
2976 1584 3003 1622 a
3048 1579 3290 1638 peccato.
3334 1567 3392 1625 Si
3423 1585 3553 1641 ergo

1953 1657 2046 1727 qui
2089 1657 2189 1712 sub
2211 1656 2327 1728 lege
2357 1667 2501 1723 sunt,
2540 1657 2762 1713 eruendi
2783 1658 2850 1713 de
2892 1656 2992 1713 sub
3012 1657 3130 1730 lege
3151 1668 3295 1725 sunt,
3337 1668 3398 1714 ut
3421 1675 3552 1729 pro-

1955 1749 2270 1805 missionem
2294 1757 2610 1804 mereantur
2637 1750 2906 1820 accipere,
2925 1758 3130 1820 quanto
3149 1753 3324 1822 magis
3337 1752 3431 1822 qui
3454 1751 3555 1808 sub

1956 1840 2075 1913 lege
2118 1856 2225 1896 non
2269 1841 2424 1896 sunt!
2461 1840 2579 1895 Non
2624 1855 2756 1912 ergo
2800 1843 3019 1912 expedit
3058 1852 3119 1898 ut
3146 1857 3209 1898 se
3239 1844 3421 1899 mittat
3454 1844 3556 1899 sub

232 1943 492 2010 ηιιιίεἱάἰε,
526 1940 961 2017 fornicatoribus,
999 1944 1364 1999 masculorum
1389 1943 1847 2009 concubitoribus,
1882 1929 1929 1988 Β
1956 1933 2093 2002 lege»
2117 1941 2177 1987 ιιι
2203 1931 2375 2003 Ροεδίι
2400 1932 2722 2003 compendi"
2744 1933 3011 1989 medelam
3028 1934 3269 1992 Vulneris
3286 1936 3553 1992 ίηνεηίΐθ·

255 2039 663 2109 plagiatoribus,
700 2039 1070 2105 mendacibus,
1098 2037 1351 2109 periuris,
1378 2046 1433 2093 et
1468 2038 1515 2093 si
1551 2038 1678 2107 quid
1715 2037 1860 2093 aliud

260 2116 409 2184 sanae
426 2130 686 2184 doctrinae
719 2130 1057 2185 adversatur.
1085 2127 1239 2196 Quod
1268 2129 1314 2185 si
1344 2128 1542 2185 talibus
1570 2128 1656 2183 lex
1684 2128 1861 2199 posita

260 2231 372 2288 est,
397 2239 504 2278 non
534 2222 813 2278 tibimulto
836 2221 1084 2278 meliores
1111 2221 1186 2277 illi
1211 2221 1557 2286 videbuntur,
1581 2221 1646 2276 de
1666 2220 1862 2291 quibus

261 2301 464 2370 dicitur
496 2334 509 2369 :
539 2313 672 2370 Cum
709 2315 846 2383 enim
878 2324 1052 2385 gentes
1077 2329 1194 2384 qua:
1228 2312 1391 2383 legem
1418 2329 1521 2367 non
1548 2312 1739 2366 habent
1762 2328 1860 2365 na-

258 2407 506 2461 turaliter
535 2423 651 2477 qua:
685 2405 811 2477 legis
844 2414 962 2460 sunt
985 2405 1205 2475 faciunt,
1232 2403 1538 2475 hujusmodi
1567 2402 1728 2473 legem
1760 2419 1863 2457 non

257 2496 536 2567 habentes,
571 2496 669 2566 ipsi
702 2496 803 2549 sibi
828 2505 947 2550 sunt
989 2494 1093 2561 lex,
1129 2495 1218 2566 qui
1253 2488 1530 2549 ostendunt
1567 2510 1696 2564 opus
1740 2493 1864 2563 legis

254 2589 516 2659 scriptum
555 2590 612 2643 in
646 2589 891 2643 cordibus
936 2591 1069 2655 suis,
1118 2589 1474 2643 testimonium
1511 2587 1757 2642 reddente
1790 2589 1864 2642 eis

255 2686 605 2739 conscientia.
641 2686 709 2740 Et
736 2694 1054 2749 statuamus,
1077 2684 1123 2742 si
1148 2684 1385 2749 videtur,
1412 2690 1539 2737 ante
1559 2682 1743 2737 oculos
1764 2681 1866 2735 ali«

253 2790 425 2846 quos,
473 2776 624 2831 verbi
671 2777 842 2848 gratia
870 2777 962 2847 qui
993 2792 1116 2831 cum
1146 2776 1405 2832 masculis
1424 2791 1532 2830 non
1556 2784 1865 2830 concubue-

256 2875 399 2921 runt
422 2866 712 2921 concubitu
742 2867 1012 2933 muliebri,
1044 2883 1209 2922 unum
1237 2883 1303 2923 ex
1332 2867 1418 2923 his
1443 2875 1714 2937 praecepto
1732 2865 1869 2936 legis

250 2957 625 3028 prohibitum,
649 2956 804 3027 cujus
837 2958 883 3014 si
920 2974 1028 3015 non
1060 2966 1262 3013 metum
1295 2958 1597 3023 habmsset,
1638 2957 1870 3011 fortasse

251 3050 521 3115 fecisset;
539 3057 596 3104 et
609 3049 770 3104 alium
785 3050 874 3119 qui
892 3050 1111 3121 proprie
1133 3051 1328 3105 mentis
1335 3050 1542 3121 judicio
1562 3048 1869 3118 hujusmodi

251 3142 596 3216 cor-tagione
624 3144 980 3215 cogitationes
999 3144 1215 3214 quidem
1249 3160 1374 3200 suas
1400 3144 1590 3199 audire
1614 3158 1721 3199 non
1749 3158 1872 3212 per-

252 3236 513 3297 miserit:
548 3251 726 3290 nonne
762 3235 931 3293 multo
954 3235 1102 3290 illum
1124 3235 1404 3306 praeferas,
1422 3235 1514 3305 qui
1556 3234 1702 3289 nulla
1733 3233 1867 3305 legis

1961 2021 2157 2095 (Θήῃ.)
2174 2023 2584 2078 Distinctionem
2608 2022 2758 2079 dedit
2785 2024 3053 2080 mercedis
3074 2033 3132 2080 et
3160 2026 3349 2098 gratia:
3372 2026 3561 2082 dicens

1930 2113 2270 2169 'mercedem
2303 2128 2419 2167 rem
2451 2113 2619 2168 debiti
2647 2128 2806 2179 esse;
2852 2114 3086 2185 gratiam
3127 2124 3310 2172 autem
3359 2117 3562 2173 nullius

1962 2220 2083 2261 esse
2121 2204 2309 2271 debiti,
2344 2206 2439 2261 sed
2485 2192 2871 2261 benevolentia:
2915 2207 3256 2263 beneﬁcium.
3311 2208 3369 2264 In
3417 2225 3560 2279 pra:-

1964 2294 2106 2351 senti
2152 2308 2283 2365 ergo
2323 2293 2443 2350 loco
2468 2295 2757 2351 ostendere
2780 2295 2969 2353 volens
2992 2297 3162 2352 Deum
3191 2299 3563 2355 haereditatem

1963 2385 2386 2457 promissionum
2416 2402 2524 2442 non
2556 2402 2624 2442 ex
2653 2387 2837 2444 debito
2878 2386 2975 2444 sed
3004 2404 3103 2460 per
3144 2391 3375 2460 gratiam
3406 2393 3562 2459 dare,

1966 2480 2099 2545 dicit
2128 2478 2255 2549 quia
2285 2479 2576 2534 haereditas
2603 2494 2634 2533 a
2680 2477 2792 2534 Deo
2830 2480 2917 2536 his
2944 2481 3038 2551 qui
3075 2481 3306 2538 credunt
3356 2499 3466 2538 non
3494 2498 3566 2539 ex

1968 2572 2237 2628 mercedis
2259 2572 2462 2638 debito,
2497 2573 2591 2627 sed
2620 2571 2744 2627 ﬁdei
2784 2589 3010 2631 munere
3038 2577 3387 2632 concedatur.
3412 2577 3570 2636 Sicut

1968 2665 2139 2731 enim,
2166 2672 2227 2719 ut
2255 2664 2488 2734 exempli
2523 2666 2697 2736 gratia
2733 2666 2987 2732 dixerim,
3022 2668 3126 2724 hoc
3150 2670 3296 2739 quod
3321 2671 3548 2730 subsisti

1971 2774 2092 2813 mus
2142 2774 2249 2813 non
2278 2767 2457 2830 potest
2486 2759 2712 2832 intelligi
2741 2761 2898 2832 quasi
2928 2777 2994 2817 ex
3025 2764 3207 2834 Operis
3229 2766 3404 2821 nostri
3430 2782 3569 2823 mer

1972 2851 2105 2906 cede
2169 2850 2568 2917 subsistamus,
2618 2854 2712 2907 sed
2762 2854 3042 2909 evidenter
3087 2856 3183 2910 Dei
3239 2873 3436 2914 munus
3485 2867 3573 2916 est

1973 2942 2117 3010 quod
2147 2958 2353 3008 sumus,
2382 2950 2438 2997 et
2462 2944 2637 3015 gratia
2663 2943 2972 3000 Conditoris
2991 2947 3084 3016 qui
3106 2963 3227 3004 esse
3249 2964 3350 3005 nos
3379 2950 3575 3018 voluit,

1974 3033 2050 3087 ita
2071 3034 2171 3089 etsi
2192 3035 2565 3091 haereditatem
2593 3037 3013 3106 promissionum
3038 3039 3130 3094 Dei
3161 3042 3462 3109 capiamus,
3491 3043 3572 3097 di-

1975 3127 2116 3182 vinae
2132 3128 2322 3199 gratiae
2340 3136 2444 3194 est,
2470 3144 2578 3183 non
2595 3126 2825 3197 alicujus
2846 3129 3017 3183 debiti
3031 3138 3123 3185 aut
3138 3132 3320 3202 operis
3332 3147 3567 3189 merces.

2049 3217 2174 3272 Non
2201 3220 2247 3271 ei
2272 3218 2365 3289 qui
2388 3235 2454 3273 ea:
2474 3217 2582 3289 lege
2604 3227 2679 3272 est
2706 3227 2933 3285 tantum,
2953 3220 3047 3274 sed
3068 3222 3114 3274 ei
3144 3223 3235 3292 qui
3275 3239 3341 3277 ea:
3366 3224 3472 3292 ﬁde
3497 3235 3573 3279 es:

259 3328 719 3387 interminatione
736 3328 1035 3383 deterritus
1046 3305 1341 3383 immunem
1354 3343 1415 3383 se
1427 3342 1457 3381 a
1472 3326 1537 3381 lla
1545 3326 1595 3397 gi
1603 3327 1662 3381 tii
1678 3335 1866 3381 conta-

1971 3311 2216 3366 Abralue.
2249 3310 2459 3388 (Amb.)_
2478 3309 2591 3366 Hoc
2616 3320 2721 3378 est,
2746 3311 2889 3382 quod
2914 3328 3076 3384 supra
3106 3315 3243 3370 dixit
3272 3334 3286 3370 :
3312 3315 3470 3372 0mm“
3493 3335 3578 3373 se-

266 3419 576 3479 minatione
590 3419 845 3474 servavit.
862 3418 1123 3474 Similiter
1137 3420 1302 3474 etiam
1317 3420 1383 3473 de
1397 3420 1605 3474 caeteris
1627 3419 1867 3487 peccatis

1971 3406 2118 3468 mini,
2141 3412 2248 3458 tam
2273 3401 2609 3469 Iudaeorum,
2638 3405 2727 3474 qui
2782 3406 2972 3476 utique
3002 3424 3067 3464 ex
3106 3407 3226 3480 lege
3257 3410 3570 3478 veniebant,

270 3513 320 3568 si
345 3510 612 3567 habeatur
632 3524 895 3574 examen;
920 3517 977 3565 et
996 3510 1117 3565 ideo
1146 3510 1260 3564 sive
1287 3508 1454 3579 Moysi
1482 3510 1566 3563 lex
1602 3510 1867 3580 intelliga-

1971 3509 2133 3563 quam
2154 3492 2437 3563 gentilium
2464 3494 2557 3563 qui
2587 3493 2747 3547 ﬁdem
2779 3504 3084 3564 sequuntur
3112 3497 3370 3561 Abrahae.
3404 3516 3571 3570 quam

270 3610 387 3671 tur,
439 3600 552 3659 sive
595 3598 758 3653 etiam
799 3614 864 3654 ea
902 3612 1024 3667 quae
1075 3599 1129 3652 in
1168 3599 1425 3653 membris
1454 3599 1655 3653 nostris
1677 3608 1781 3663 est,
1816 3608 1867 3654 et

1972 3583 2188 3655 gentilis
2232 3583 2441 3648 habuit,
2494 3592 2554 3637 ut
2583 3593 2729 3639 esset
2745 3582 2944 3651 justus.
2972 3585 3103 3641 Sine
3137 3588 3255 3658 lege
3282 3590 3427 3644 enim
3459 3607 3577 3648 cre-

273 3692 420 3746 iram
447 3698 721 3760 operatur,
755 3703 858 3743 non
882 3697 1111 3758 possunt
1149 3690 1241 3759 qui
1275 3704 1342 3744 ex
1387 3688 1501 3758 ipsa
1537 3697 1664 3744 sunt
1706 3689 1874 3743 hzere-
1975 3675 2111 3730 didii
2142 3673 2436 3740 Abraham:
2474 3674 2706 3744 ideoque
2770 3676 2942 3746 ωεείε
2987 3678 3276 3749 gentilibus
3329 3679 3577 3750 iungitur

274 3785 377 3839 des
406 3795 559 3849 esse,
605 3780 699 3836 sed
734 3779 809 3834 illi
837 3770 928 3848 qui
961 3786 1086 3834 sunt
1112 3794 1180 3834 ex
1212 3780 1327 3851 lege
1352 3779 1509 3844 ﬁdei,
1539 3779 1662 3834 ﬁdei
1692 3787 1873 3834 autem
1976 3766 2273 3832 Abraham,
2296 3774 2357 3819 ut
2384 3764 2539 3819 ﬁrma
2570 3766 2641 3820 sit
2668 3767 2749 3821 eis
2777 3769 3087 3838 promissio,
3121 3770 3470 3827 credentibus
3500 3775 3575 3840 ei,

276 3874 450 3937 illius,
476 3888 542 3931 ex
567 3887 673 3942 qua
702 3871 1028 3942 justiﬁeatus
1053 3879 1136 3925 est
1160 3870 1453 3927 Abraham.
1508 3869 1614 3926 Sed
1645 3871 1876 3925 fortasse

279 3964 528 4043 requirat
556 3965 761 4035 aliquis
802 3965 1072 4035 quomodo
1101 3965 1148 4019 is
1180 3964 1272 4034 qui
1298 3965 1398 4019 sub
1427 3965 1544 4035 lege
1566 3964 1736 4035 Moysi
1768 3974 1874 4029 est,

280 4058 387 4117 sub
418 4058 538 4129 lege
569 4058 694 4114 ﬁdei
742 4074 852 4114 non
898 4059 1326 4124 esse‘videatur,
1358 4075 1481 4115 cum
1518 4059 1777 4128 scriptum
1808 4059 1880 4113 sit

279 4152 336 4208 in
374 4151 564 4211 Exodo
592 4169 608 4205 ε
639 4150 874 4207 Credidit
898 4161 1072 4205 autem
1102 4151 1324 4222 populus
1358 4151 1462 4206 Deo
1503 4160 1550 4205 et
1586 4150 1758 4221 Moysi
1798 4150 1880 4220 [a-

282 4244 429 4311 nulla
459 4243 575 4311 ejus
603 4242 800 4314 (Exod.
830 4243 972 4314 xtv);
998 4252 1053 4297 et
1083 4243 1277 4297 iterum
1305 4243 1565 4297 Dominus
1608 4242 1663 4296 in
1707 4240 1882 4295 Evan-

282 4335 425 4406 gelia
453 4333 599 4389 dicat
629 4352 641 4387 :
676 4333 739 4391 Si
768 4335 1047 4393 crederetis
1077 4332 1268 4404 Moysi,
1305 4334 1585 4389 crederetis
1620 4334 1796 4404 utique
1832 4341 1879 4387 et

285 4428 436 4491 mihi,
475 4426 539 4480 de
572 4443 653 4480 me
689 4426 828 4479 enim
874 4424 963 4478 ille
1003 4426 1206 4494 scripsit
1248 4425 1431 4496 (Joan.
1477 4426 1563 4498 v);
1614 4424 1884 4479 videbitur

284 4519 433 4581 enim
463 4516 604 4573 sicut
632 4516 697 4570 de
726 4532 785 4571 se
812 4515 965 4580 dixit,
993 4515 1121 4585 quia
1166 4517 1255 4587 qui
1292 4517 1454 4570 credit
1490 4517 1546 4570 in
1581 4532 1680 4581 me,
1722 4515 1885 4569 credit

286 4621 332 4665 et
365 4609 420 4667 iu
446 4622 569 4667 eum
589 4609 678 4678 qui
700 4624 782 4662 me
812 4608 951 4662 misit
976 4606 1159 4678 (Joan.
1188 4608 1309 4679 xn),
1342 4609 1419 4663 ita
1454 4616 1513 4662 ut
1542 4607 1710 4679 Moysi
1734 4608 1883 4663 dice-

1976 3857 2062 3912 cui
2110 3857 2338 3912 credidit
2382 3857 2517 3926 ipse.
2562 3856 2747 3930 (Aug.)
2778 3858 2932 3926 Quod
2962 3871 3143 3916 autem
3174 3863 3253 3916 ait
3282 3881 3295 3915 :
3322 3874 3443 3918 ante
3467 3864 3578 3919 Do—

1980 3949 2179 4000 minum
2197 3948 2283 4000 cui
2307 3947 2596 4014 credidisti,
2624 3949 2952 4019 signiﬁcavit
2984 3951 3144 4008 ﬁdem
3171 3954 3225 4009 in
3258 3954 3574 4012 interiorem

1979 4038 2253 4093 hominem
2290 4053 2409 4095 esse
2438 4041 2492 4095 in
2520 4052 2812 4112 conspectu
2836 4042 2952 4110 Dei,
2990 4061 3097 4100 non
3129 4046 3184 4100 in
3211 4050 3578 4107 ostentatione

1981 4132 2261 4188 hominum
2315 4133 2477 4188 sicuti
2547 4141 2632 4189 est
2681 4135 2865 4190 carnis
2919 4137 3286 4195 circumcisio.

2057 4224 2163 4290 Qui
2186 4235 2260 4279 est
2284 4234 2436 4295 pater
2464 4227 2701 4280 omnium
2730 4238 2991 4296 nostrum,
3018 4231 3153 4285 sicut
3194 4233 3449 4303 scriptum
3473 4245 3574 4303 est,

1981 4316 2106 4387 quia
2143 4326 2346 4385 patrem
2408 4317 2695 4371 multarum
2744 4320 2975 4389 gentium
3033 4323 3185 4391 posui
3248 4332 3318 4378 te.
3365 4323 3575 4396 (Amb.)

1983 4406 2342 4463 Conﬁrmavit
2386 4408 2635 4480 exemplo
2668 4409 2825 4480 legis
2864 4410 3138 4468 Abraham
3185 4416 3430 4471 omnium
3480 4433 3576 4488 pa-

1986 4509 2123 4556 trem
2155 4516 2295 4568 esse,
2330 4502 2426 4557 sed
2452 4518 2664 4569 eorum,
2713 4504 2805 4573 qui
2852 4505 3103 4572 credunt,
3149 4516 3205 4562 et
3248 4509 3328 4564 sic
3361 4509 3576 4564 ﬁrmam

1987 4592 2573 4661 esse'promissionem,
2606 4594 2651 4647 si
2682 4593 2804 4647 ﬁdei
2836 4609 2998 4650 causa
3047 4597 3335 4652 recedatur
3361 4614 3393 4653 a
3434 4599 3571 4670 lege,

289 4712 461 4767 retur,
486 4698 709 4767 quodsi
738 4698 1018 4753 crederetis
1062 4696 1256 4769 Moysi,
1301 4699 1579 4753 crederetis
1616 4698 1793 4769 utique
1834 4714 1867 4752 ea

1988 4686 2114 4753 quia
2150 4685 2438 4753 promissio
2487 4685 2638 4755 regni
2682 4685 2944 4740 ctelorum
2971 4686 3139 4754 justis
3169 4689 3427 4757 deputata
3468 4661 3572 4757 est,

292 4792 441 4846 mihi.
484 4789 571 4847 Ad
599 4792 745 4860 quod
774 4791 1236 4861 reapondehimus,
1268 4792 1395 4861 quia
1439 4791 1567 4846 illud
1612 4791 1755 4862 quod
1799 4791 1883 4845 di-

292 4896 438 4947 ctum
466 4895 553 4942 est
584 4886 639 4941 in
666 4887 906 4957 deserto,
955 4887 1174 4941 credidit
1220 4887 1442 4958 populus
1477 4886 1587 4942 Deo
1625 4897 1672 4942 et
1714 4886 1886 4959 Moysi

294 4984 496 5053 {ramulo
532 4986 673 5056 ejus,
709 4987 955 5041 narratio
980 4997 1081 5053 est,
1109 4988 1235 5056 quia
1261 4989 1587 5055 ostenditur,
1621 4989 1765 5058 quod
1789 5003 1887 5057 per

296 5086 655 5142 ministerium
691 5086 859 5158 Moysi
905 5088 1056 5156 signa
1112 5095 1167 5142 et
1217 5088 1483 5145 mirabilia
1536 5090 1884 5155 ministravit,

297 5185 525 5254 populus
546 5186 776 5243 credidit
797 5188 850 5242 in
876 5186 979 5243 hoc
998 5180 1185 5243 verbo.
1222 5186 1322 5243 Ubi
1350 5190 1481 5244 dicit
1518 5203 1534 5244 :
1567 5187 1629 5245 Si
1653 5189 1886 5245 credere-

301 5280 586 5355 tis’lfoy'si,
625 5274 900 5344 crederetis
925 5291 1099 5361 utique
1129 5299 1176 5345 et
1210 5290 1360 5357 mihi,
1390 5284 1566 5362 arguit
1603 5290 1887 5347 inﬁdelita-

306 5382 410 5439 tem
431 5378 749 5459 ecrum,‘qui
774 5380 1041 5467 dumv'sibi
1078 5407 1185 5447 non
1218 5388 1471 5458 credunt,
1501 5390 1794 5445 ostendunt
1827 5404 1888 5445 se

304 5478 404 5575 nec
436 5468 623 5557 {Moysi
672 5476 865 5545 litteris
904 5480 1159 5575 credere,
1206 5494 1263 5550 in
1310 5494 1504 5564 quibus
1546 5494 1614 5549 de
1649 5492 1885 5548 adventu

304 5572 503 5679 Christi
527 5572 1129 5677 prophetali,.sermone,
1163 5599 1613 5669 comprehensum
1634 5606 1735 5653 est.
1780 5597 1886 5655 Ubi

306 5704 443 5767 vero.
459 5693 597 5759 dicit
612 5696 769 5767 ἦ,ρή
795 5697 956 5765 credit
990 5699 1046 5752 in
1081 5715 1201 5765 ωε,
1224 5701 1388 5763 ατεάἱι
1426 5700 1487 5754 in
1522 5715 1641 5755 um
1667 5700 1757 5771 qui
1790 5700 1887 5755 mi-

308 5784 798 5869 sitmvpeaspem
824 5798 1585 5872 credentitm,.elevatumque
1609 5802 1674 5859 ad
1698 5802 1883 5857 Domi-

308 5899 437 5944 Itum
455 5887 689 5955 Patrem,
708 5892 923 5946 utsicut
951 5893 1042 5961 qui
1066 5908 1186 5948 cum
1216 5893 1349 5949 vidit
1372 5893 1567 5949 Filium
1596 5895 1791 5949 vidisse
1825 5914 1880 5948 ,ςίε

666 5981 940 6044 ΡΑτιιυι..
988 5981 1152 6045 CXI.

1989 4794 2094 4835 non
2128 4778 2536 4847 peccatoribus:
2569 4788 2626 4833 et
2647 4779 2740 4847 qui
2765 4779 2865 4834 sub
2896 4779 3013 4849 lege
3039 4788 3183 4845 sunt,
3216 4780 3317 4835 sub
3349 4791 3575 4851 peccato

1989 4879 2134 4936 sunt,
2180 4870 2306 4941 quia
2348 4884 2536 4925 omnes
2579 4879 2960 4941 peccaverunt,
3010 4887 3109 4927 nec
3136 4887 3296 4941 posse
3337 4873 3576 4944 aliquem

1989 4972 2044 5018 et
2071 4964 2172 5018 sub
2201 4962 2317 5034 lege
2354 4977 2496 5029 esse,
2538 4970 2592 5017 et
2639 4962 2868 5034 gratiam
2915 4964 3193 5033 consequi,
3242 4964 3384 5019 sicut
3427 4974 3481 5021 et
3506 4967 3576 5021 ad

1990 5056 2213 5113 Galatas
2240 5057 2317 5111 ait
2344 5075 2357 5111 :
2383 5056 2642 5112 Evacuati
2669 5059 2791 5112 estis
2812 5076 2844 5112 a
2871 5056 3102 5124 Christo,
3134 5060 3225 5130 qui
3262 5060 3321 5113 in
3347 5059 3457 5132 lege
3483 5062 3578 5132 ju-

1988 5148 2316 5217 sti/icamini,
2338 5164 2369 5200 a
2395 5148 2567 5218 gratia
2592 5149 2857 5203 excidistis
2904 5149 3046 5221 (Gal.
3075 5150 3151 5221 ν).

2061 5240 2194 5294 Ante
2216 5256 2335 5293 eum
2358 5241 2444 5293 cui
2484 5240 2703 5294 credidit
2746 5240 2936 5295 Deum.
2968 5239 3166 5313 (Orig.)
3199 5239 3304 5298 Sed
3332 5243 3465 5300 mihi
3495 5246 3575 5301 vi-

1990 5334 2167 5399 detur,
2196 5334 2340 5404 quod
2366 5334 2518 5400 dicit,
2571 5332 2737 5388 Omni-
2756 5336 2964 5400 semim,
3005 5351 3110 5389 non
3139 5335 3187 5389 ei
3221 5337 3310 5408 qui
3355 5354 3419 5392 ea:
3465 5338 3577 5409 lege

1989 5435 2064 5481 est
2094 5435 2321 5492 tantum,
2349 5426 2439 5480 sed
2470 5425 2518 5480 ei
2558 5427 2648 5497 qui
2694 5442 2758 5480 ex
2786 5426 2893 5493 ﬁde
2933 5436 3026 5491 est,
3067 5427 3240 5498 legem
3269 5430 3380 5495 hic,
3433 5431 3575 5485 sicut

1991 5531 2135 5586 saepe
2162 5516 2422 5581 diximus,
2462 5515 2724 5582 indicare,
2758 5516 3084 5582 naturalem,
3113 5525 3170 5573 et
3194 5518 3299 5573 hoc
3327 5530 3573 5573 asserere

1993 5609 2137 5680 quod
2178 5624 2287 5664 non
2339 5609 2424 5664 his
2459 5610 2552 5678 qui
2590 5624 2656 5665 ex
2697 5607 2814 5681 lege
2858 5610 3093 5665 naturali
3134 5609 3309 5666 solum
3348 5610 3573 5665 veniunt

1991 5702 2145 5757 ﬁrma
2172 5701 2242 5757 sit
2272 5701 2582 5771 promissio,
2610 5702 2704 5757 sed
2746 5701 2833 5757 his
2855 5703 2948 5773 qui
3000 5718 3068 5760 ex
3095 5703 3203 5758 ﬁde
3227 5702 3328 5772 legi
3354 5700 3574 5757 addide-

1991 5799 2101 5853 rint
2142 5796 2375 5852 naturali
2398 5810 2520 5853 eam
2557 5796 2717 5851 ﬁdem
2744 5812 2908 5868 quam
2936 5797 3126 5856 habuit
3156 5795 3432 5850 Abraham
3476 5809 3575 5866 pa-

1991 5903 2076 5949 ter
2120 5901 2324 5960 noster,
2355 5902 2415 5949 ut
2456 5909 2566 5949 non
2609 5891 2744 5949 duos
2786 5892 3037 5965 populos,
3068 5907 3234 5946 unum
3262 5904 3330 5946 ex
3371 5888 3475 5946 ﬁde
3521 5898 3577 5946 et

2576 5994 2583 5997 “
3022 5982 3101 6043 Ιι3
