4056 6336
447 381 612 442 ’1555

1143 381 1204 440 Β.
1245 381 1500 440 MBAN!
1537 378 1759 442 MAURI
1793 381 2112 441 ARCHIEP.
2151 379 2460 442 MOGUNT.
2500 379 2787 440 OPERUM
2819 381 2999 439 PARS
3033 377 3124 439 Ill.

3597 379 3746 442 1356

467 501 632 556 alium
680 512 746 554 ex
787 499 926 569 lege,
957 499 1196 555 iudicare
1242 501 1515 566 videatur,
1553 499 1646 555 sed
1685 515 1850 554 unum
1893 508 2058 568 atque
2084 503 2134 562 Α
2155 499 2378 570 justitize
2393 501 2959 562 ﬁdeizcredenseuim
2976 507 3143 562 ﬁlium
3163 507 3570 572 sehabiturum,
3585 507 3751 577 hujus

392 611 398 618 ι
466 591 737 654 eumdem,
769 590 860 659 qui
890 606 995 644 non
1030 589 1203 644 solum
1229 605 1297 645 ex
1347 608 1465 661 tege
1507 591 1740 645 naturali
1777 607 1885 660 qua
1929 606 2050 645 om-

465 697 564 736 nes
606 681 855 737 homines
901 689 1148 746 utuntur,
1182 682 1277 736 sed
1317 698 1398 757 ex.
1439 682 1546 736 ﬁde
1589 679 1747 750 cujus
1777 669 2051 736 Abraham

467 776 658 827 auctor
694 771 904 836 existit,
951 771 1163 841 placeat
1209 771 1320 827 Deo
1355 790 1368 826 :
1415 786 1524 841 quo
1566 771 1776 827 scilicet
1804 772 2056 827 ostendat

464 863 612 932 quod
646 863 691 918 si
715 863 839 932 quis
863 863 1064 918 habeat
1105 863 1318 935 integra
1347 863 1530 918 omnia
1583 880 1703 934 qua:
1737 863 1823 918 lex
1865 864 2056 920 edocet

466 954 754 1020 naturalis,
800 954 937 1010 etin
966 953 1114 1009 nullo
1145 970 1270 1010 eum
1315 957 1528 1026 peccati
1576 944 1911 1012 conscientia
1963 971 2055 1013 re-

463 1045 785 1116 prehendat,
816 1057 928 1100 non
962 1051 1146 1099 tamen
1189 1046 1390 1100 habeat
1433 1046 1598 1101 etiam
1633 1046 1756 1102 ﬁdei
1802 1040 2054 1118 gr'atiam,

463 1152 573 1192 non
614 1151 776 1206 posse
810 1151 932 1192 eum
977 1136 1269 1207 iustiﬁcari
1313 1154 1326 1191 :
1363 1137 1499 1194 ﬁdes
1526 1140 1671 1194 enim
1712 1147 1796 1196 est
1841 1156 1960 1210 qua:
1989 1141 2057 1196 ad

460 1231 728 1302 justitiam
761 1239 1076 1300 reputatur;
1115 1238 1170 1285 et
1209 1233 1315 1287 hoe
1357 1231 1518 1288 modo
1563 1234 1750 1288 habita
1781 1233 2058 1290 distinctio

465 1323 756 1378 clariorem
797 1321 1212 1394 intelligentiam
1259 1321 1445 1380 tradit.
1491 1321 1624 1392 Quae
1653 1339 1784 1380 vero
1809 1319 2058 1381 commit-

466 1421 675 1481 tuntur,
699 1421 890 1469 contra
913 1414 1087 1485 legem
1103 1415 1554 1471 committuntur:
1580 1411 1722 1472 unde
1745 1409 1800 1472 et
1837 1415 2058 1473 Graecus

465 1523 646 1564 sermo
673 1509 890 1580 ἀνομίαν
917 1508 1154 1580 appellat
1195 1510 1567 1581 iniquitatem,
1605 1508 1709 1568 hoc
1755 1521 1860 1578 est,
1913 1513 2059 1583 quod

465 1601 848 1664 committitur;
897 1608 1182 1670 peccatum
1226 1617 1358 1657 vero
1411 1603 1576 1658 etiam
1622 1605 1728 1660 dici
1763 1613 1962 1674 potest,
2013 1607 2061 1662 si

465 1703 676 1760 contra,
699 1707 864 1765 quam
891 1703 1091 1748 natura
1111 1693 1274 1751 docet
1297 1703 1352 1751 et
1374 1697 1710 1753 conscientia
1735 1700 1934 1771 arguit,
1963 1699 2059 1756 de-

2156 593 2232 647 rei
2255 609 2418 664 quam
2441 595 2686 661 credidit,
2701 597 2913 666 signum
2929 601 3157 668 accepit;
3182 609 3242 655 ut
3253 601 3380 670 quia
3391 603 3749 672 credensjus-

2158 685 2397 740 tiﬁcatus
2423 686 2493 741 sit
2513 697 2847 744 cerneretur.
2875 689 2992 745 Non
3017 705 3147 762 ergo
3177 693 3526 748 circumcisio
3547 695 3752 765 aliquid

2157 777 2322 834 habet
2337 779 2634 849 dignitatis,
2657 781 2752 836 sed
2777 782 2990 853 signum
3003 791 3088 838 est
3110 791 3320 838 tantum
3340 803 3354 838 :
3377 786 3524 855 quod
3535 788 3755 858 signum

2158 867 2494 940 accipiebant
2541 871 2662 926 ideo
2697 872 2793 926 ﬁlii
2819 873 3076 941 Abrahae:
3101 883 3163 929 ut
3183 875 3460 931 scirentur
3497 876 3618 946 ejus
3651 877 3755 938 ﬁlii

2158 982 2298 1030 esse,
2335 967 2426 1038 qui
2471 969 2699 1026 credens
2747 969 2858 1025 Deo
2905 971 3015 1026 hoc
3061 971 3282 1044 signum
3327 981 3636 1044 acceperat,
3693 983 3758 1031 ut

2158 1060 2336 1117 azmuli
2387 1069 2573 1117 essent
2598 1070 2835 1132 paternae
2865 1063 2989 1118 ﬁdei
3029 1071 3088 1120 et
3135 1064 3424 1121 crederent
3467 1066 3525 1121 in
3568 1065 3753 1124 Jesum

2159 1154 2252 1224 qui
2274 1155 2576 1226 promissus
2603 1164 2685 1212 est
2707 1155 2963 1223 Abrahae,
2991 1157 3149 1228 cujus
3181 1158 3236 1213 in
3265 1159 3442 1230 ﬁgura
3482 1169 3644 1216 atus
3671 1170 3756 1219 est

2159 1249 2332 1306 Isaac.
2379 1249 2493 1306 Nec
2519 1250 2665 1306 enim
2693 1251 2750 1305 in
2793 1251 2947 1306 Isaac
2979 1266 3169 1308 omnes
3189 1261 3383 1324 gentes
3419 1254 3754 1312 benedicu-

2163 1348 2268 1407 tur,
2299 1341 2393 1396 sed
2417 1341 2473 1396 in
2500 1340 2721 1397 Christo
2749 1359 2762 1396 :
2794 1341 2933 1408 Quia
2959 1357 3065 1398 non
3088 1344 3334 1399 estaliud
3360 1332 3548 1400 nomen
3571 1347 3757 1403 datum

2161 1435 2256 1487 sub
2286 1432 2434 1498 caelo,
2459 1433 2516 1487 in
2540 1449 2644 1504 quo
2668 1441 2902 1504 oporteat
2929 1434 3102 1490 saluii:
3137 1434 3256 1506 ﬁeri
3301 1435 3444 1508 (Act:
3489 1438 3590 1507 tv),
3621 1438 3758 1494 dicit

2161 1525 2356 1582 Petrus
2387 1526 2686 1597 apostolus.

2165 1645 2175 1650 -
2233 1617 2301 1672 Et
2341 1619 2411 1672 sit
2435 1628 2587 1689 pater
2625 1619 3040 1674 circumeisionis
3083 1635 3189 1676 non
3213 1619 3388 1676 solum
3427 1635 3609 1676 eorum
3657 1624 3756 1693 qui

2149 1724 2229 1764 ex
2288 1709 2679 1764 circumcisione
2727 1718 2882 1775 sunt,
2950 1711 3042 1764 sed
3095 1727 3277 1766 eorum
3317 1712 3411 1782 qui
3469 1707 3756 1784 se’quuntur

435 1786 778 1856 .liuquatur:
807 1779 981 1842 totum
1007 1788 1197 1858 gratia:
1225 1788 1342 1859 ejus
1372 1791 1670 1860 imputatur
1707 1808 1814 1848 non
1851 1787 2062 1850 meritis
2091 1861 2137 1874 _
2166 1802 2379 1872 vestigia
2425 1801 2572 1872 fidei,
2615 1817 2734 1871 quae
2799 1811 2875 1857 est
2931 1803 2989 1856 in
3023 1803 3294 1873 vpraaputio
3331 1779 3546 1874 patr-isi
3589 1804 3756 1859 nostri

463 1878 689 1934 nostris.
720 1877 904 1968 (duo)
935 1877 1204 1968 Cooperta
1239 1887 1367 1968 sunt
1410 1895 1541 1950 ergo
1605 1895 1830 1953 peccata
1857 1915 1872 1950 ,-
1916 1893 2062 1942 tecta
2088 1861 2138 1922 Β
2166 1861 2436 1948 Abrahae:
2459 1861 2574 1949 Hoc
2615 1861 2768 1960 dicit,
2797 1894 2925 1964 quia
2961 1861 3190 1952 credens
3224 1861 3522 1964 Abraham,
3548 1898 3760 1968 primus

467 1975 593 2022 sunt
613 1976 670 2022 et
712 1965 952 2021 abolita:
987 1982 1096 2022 non
1117 1966 1173 2022 in
1203 1967 1403 2038 quibus
1418 1986 1524 2025 non
1549 1973 1912 2028 suntinventa
1943 1987 2066 2046 pec-

465 2066 610 2126 cata,
652 2057 750 2114 sed
792 2070 1028 2128 quorum
1073 2057 1223 2113 "tecta
1263 2069 1390 2114 sunt
1427 2072 1674 2132 peccata.
1724 2061 1894 2119 Tecta
1932 2081 2066 2137 ergo

465 2157 688 2220 peccata
719 2161 889 2218 quare
918 2147 1099 2203 dixit?
1123 2147 1197 2206 Ut
1223 2155 1330 2205 non
1357 2151 1692 2209 viderentur.
1747 2154 1887 2222 Quid
1917 2158 2064 2212 enim

464 2251 585 2297 erat
613 2241 710 2296 Dei
747 2243 935 2299 videre
964 2251 1208 2314 peccata,
1247 2243 1352 2301 nisi
1380 2247 1573 2318 punire
1601 2259 1846 2319 peccata,
1878 2260 1940 2306 ut
1961 2268 2063 2306 no-

461 2332 610 2388 veris
633 2333 760 2403 quia
789 2333 893 2389 hoc
925 2343 1010 2390 est
1039 2333 1135 2390 Dei
1185 2335 1370 2392 videre
1399 2347 1644 2408 peccata,
1681 2339 1828 2410 quod
1869 2342 2063 2412 punire

463 2437 712 2499 peccata.
757 2427 898 2496 Quid
948 2429 998 2484 ei
1045 2428 1248 2485 dicitur
1279 2425 1455 2500 (Psal.
1511 2431 1604 2504 L):
1645 2433 1830 2488 Averte
1871 2433 2061 2504 faciem

461 2528 609 2573 tuam
635 2538 666 2573 a
689 2521 913 2589 peccatis
937 2521 1096 2574 meis?
1115 2519 1346 2576 Peccata
1377 2539 1505 2592 ergo
1535 2533 1624 2577 tua
1646 2539 1752 2579 non
1781 2525 1979 2592 videat,
2003 2536 2064 2583 ut

462 2621 516 2668 te
534 2613 734 2668 videat.
753 2613 1032 2680 Quomodo
1047 2625 1098 2669 te
1112 2613 1328 2670 videat?
1349 2615 1620 2685 quomodo
1636 2615 2024 2682 Natbanaelem
2042 2639 2055 2674 :

463 2702 596 2758 Cum
621 2719 758 2758 esses
796 2703 891 2758 sub
923 2704 1108 2758 arbore
1134 2705 1241 2774 ﬁci,
1286 2706 1391 2760 vidi
1438 2717 1504 2761 te.
1551 2707 1754 2762 Umbra
1813 2708 1900 2764 ﬁci
1953 2727 2060 2764 non

461 2797 743 2869 impedivit
797 2798 985 2854 oculos
1041 2799 1427 2856 misericordiae
1497 2799 1638 2862 Dei.,
1675 2799 1881 2875 (Greg.)
1953 2803 2060 2859 Sed

459 2903 680 2944 rursum
726 2905 850 2945 cum
900 2891 1163 2961 scriptum
1212 2891 1322 2946 sit:
1377 2890 1572 2946 Omnia
1623 2893 1766 2947 nuda
1803 2905 1848 2947 et
1879 2906 2060 2963 aperta

459 2989 582 3034 sunt
611 2979 775 3035 oculis
819 2981 934 3050 ejus
967 2981 1124 3051 (lleb.
1172 2981 1273 3052 IV),
1345 2984 1616 3052 quomodo
1671 2985 1777 3056 tegi
1832 2994 2062 3055 possunt

460 3085 582 3139 quae
621 3069 738 3138 ejus
759 3072 952 3136 oculis,
985 3071 1070 3127 eui
1099 3075 1295 3128 euncta
1324 3073 1467 3129 nuda
1491 3086 1639 3143 sunt,
1669 3077 1926 3132 abscondi
1963 3093 2058 3134 ne-

461 3179 733 3233 quaquam
771 3166 1032 3234 possunt?
1061 3167 1155 3220 sed
1185 3167 1312 3235 quia
1336 3169 1440 3223 hoc
1461 3171 1602 3238 quod
1632 3171 1862 3240 tegimus
1915 3171 2056 3228 infe-

458 3255 577 3310 rius
613 3253 886 3324 ponimus,
939 3261 1104 3324 atque
1153 3257 1271 3312 brec
1315 3260 1456 3313 unde
1519 3261 1752 3330 tegimus
1796 3262 2053 3318 nimirum

460 3347 896 3419 superducimus,
944 3357 1004 3403 ut
1045 3351 1190 3418 quod
1233 3359 1316 3406 est
1355 3354 1752 3423 superpositum
1787 3363 2052 3426 tegemus,

459 3449 643 3512 tegere
684 3449 910 3510 peccata
955 3441 1190 3498 dicimur
1241 3461 1360 3514 quae
1407 3447 1562 3516 quasi
1615 3447 2056 3519 subterponimus

459 3531 589 3588 dum
641 3533 986 3602 abdicamus,
1011 3536 1200 3607 eisque
1259 3537 1406 3594 aliud
1461 3521 1872 3610 superducimus
1925 3544 2052 3599 dum

457 3625 614 3680 bona:
642 3627 872 3683 actionis
911 3645 1047 3700 opus
1088 3630 1152 3684 ad
1183 3632 1288 3687 hoc
1315 3642 1439 3704 post
1461 3633 1734 3706 eligimus,
1773 3645 1834 3692 ut
1855 3636 2053 3708 praefe-

459 3733 666 3773 ramus.
693 3718 795 3786 Qui
844 3733 975 3790 ergo
1016 3721 1202 3793 priora
1252 3724 1392 3780 mala
1424 3727 1649 3792 deserit,
1685 3736 1742 3782 et
1788 3729 1928 3785 bona
1958 3745 2054 3800 po-

458 3809 660 3864 sterius
711 3809 862 3877 facit,
896 3827 996 3882 per
1041 3814 1149 3868 hoc
1182 3815 1329 3885 quod
1377 3817 1530 3892 addit
1579 3827 1917 3874 transactam
1958 3835 2054 3876 ne-

457 3900 686 3970 quitiam
722 3902 876 3972 lcgit,
905 3903 992 3958 cui
1029 3903 1156 3959 boni
1197 3907 1378 3976 operis
1406 3909 1602 3964 merita
1644 3911 1975 3980 superducit.

528 3991 811 4047 Beatitudo
835 4011 956 4065 ergo
980 3997 1092 4050 Ita’c
1122 3996 1177 4050 in
1203 3998 1601 4055 circumcisione
1623 4011 1828 4056 tantum
1852 4010 2050 4070 manet,

459 4105 527 4142 an
553 4089 710 4142 etiam
735 4089 788 4142 in
813 4090 1108 4160 prwputio?
1143 4089 1349 4164 (Δηὼ.)
1393 4094 1448 4148 ld
1477 4103 1583 4159 est,
1617 4096 1856 4166 nunquid
1882 4096 2051 4150 beati-

458 4182 589 4236 tuilo
622 4184 720 4236 35-11!
745 4179 974 4236 Abrahre
995 4191 1206 4237 tantum
1234 4185 1357 4237 ﬁliis
1383 4201 1640 4240 concessa
1669 4195 1772 4246 est.
1799 4202 1866 4241 an
1885 4181 2051 4242 etiam

456 4270 544 4325 his
569 4271 659 4340 qui
704 4271 1074 4326 incircumcisi
1103 4273 1266 4326 sunt?
1309 4273 1366 4326 Si
1409 4274 1555 4328 enim
1599 4277 1651 4329 in
1685 4276 1774 4331 illo
1809 4288 2051 4347 tempore

457 4376 564 4415 non
597 4362 884 4431 prohibita:
927 4371 1055 4418 sunt
1098 4375 1289 4432 gentes
1337 4367 1597 4420 accedere
1653 4369 1721 4421 ad
1771 4368 1944 4438 legem
1995 4379 2051 4426 et

457 4453 875 4523 promissionem
910 4455 1166 4522 Abrahae,
1200 4458 1293 4527 qui
1325 4457 1440 4512 ﬁeri
1475 4461 1690 4530 poterat
1717 4468 1776 4515 ut
1805 4471 2050 4539 tempore

2166 1985 2342 2043 factus
2354 1995 2437 2043 est
2447 1997 2604 2057 pater
2617 1988 3068 2055 circumcisionis,
3085 1988 3179 2043 sed
3193 1990 3398 2056 cordis,
3413 2002 3520 2046 non
3541 2000 3756 2046 tantum

2165 2097 2352 2138 eorum
2393 2069 2486 2152 qui
2526 2092 2652 2138 sunt
2678 2098 2743 2138 ex
2789 2083 2906 2152 ejus
2950 2082 3187 2154 origine,
3221 2086 3316 2140 sed
3358 2095 3415 2140 et
3449 2100 3639 2141 eorum
3663 2087 3760 2157 qui

2165 2175 2416 2230 similiter
2429 2175 2661 2232 credunt
2673 2192 2741 2232 ex
2763 2178 3034 2247 gentibus.
3054 2179 3356 2236 Secundum
3371 2196 3595 2238 carnem
3611 2184 3760 2238 enim

2162 2267 2472 2324 Iudaeorum
2507 2278 2664 2339 pater
2685 2277 2790 2332 est,
2817 2271 3114 2326 secundum
3153 2271 3309 2328 ﬁdem
3331 2285 3485 2339 vero,
3514 2275 3762 2328 omnium

2164 2357 2521 2412 credentium.
2565 2357 2830 2432 (Μωιιυδ)
2875 2359 3135 2431 Proponit
3186 2377 3332 2416 nunc
3381 2362 3764 2434 interrogatio-

2164 2439 2396 2512 nem,ex
2421 2447 2574 2519 cujus
2595 2451 2948 2520 responsione
2967 2452 3283 2518 doceantur,
3309 2461 3361 2508 et
3383 2468 3452 2509 ex
3481 2455 3594 2524 ipsa
3625 2464 3763 2510 tem-

2139 2554 2353 2609 porum
2377 2541 2608 2608 ratione,
2636 2543 2782 2612 quod
2803 2542 3082 2600 beatitudo
3098 2543 3504 2613 jnstiﬁcatiouis
3529 2547 3764 2602 Abrahae

2163 2647 2270 2686 non
2311 2631 2364 2685 in
2391 2631 2824 2699 circumcisione,
2859 2635 2953 2690 sed
2996 2635 3172 2691 adhuc
3203 2635 3258 2690 in
3297 2637 3559 2707 prteputio
3582 2638 3762 2707 posito

2162 2727 2286 2781 data
2310 2733 2412 2780 est.
2431 2724 2628 2798 (0rig.)
2643 2725 2796 2792 Quod
2813 2727 2859 2780 si
2887 2727 3186 2793 Abraham,
3201 2743 3324 2782 cum
3349 2736 3494 2784 esset
3515 2729 3692 2784 adhuc
3705 2730 3762 2786 in

2160 2819 2443 2888 praeputio,
2473 2835 2540 2874 ex
2571 2818 2674 2873 ﬁde
2701 2817 3032 2887 justiﬁcatus
3077 2830 3204 2886 est,
3256 2829 3437 2890 potest
3484 2830 3539 2876 et
3581 2821 3762 2878 omnis

2161 2911 2252 2981 qui
2289 2911 2459 2966 credit
2484 2913 2596 2966 Deo
2614 2909 2903 2980 justiﬁcari
2953 2928 3051 2984 per
3080 2913 3265 2980 ﬁdem,
3315 2915 3532 2970 etiamsi
3581 2915 3654 2969 sit
3701 2915 3761 2970 in

2159 3004 2444 3075 praeputio,
2474 3013 2528 3060 et
2571 3004 2844 3074 pertinere
2868 3005 3038 3058 etiam
3073 3006 3140 3060 ad
3171 3006 3345 3076 ipsum
3383 3005 3502 3062 hmc
3527 3005 3764 3060 beatitu-

2162 3098 2251 3162 do,
2289 3111 2411 3166 qua:
2463 3096 2700 3151 dicitur:
2731 3095 2930 3152 Beatus
2971 3099 3058 3151 cui
3089 3114 3194 3152 non
3241 3099 3468 3170 imputat
3501 3099 3762 3154 Dominus

2158 3202 2450 3261 peccatum.
2505 3189 2754 3246 Ostendit
2793 3206 2923 3262 ergo
2963 3191 3090 3260 quia
3142 3205 3251 3246 non
3299 3191 3516 3247 cuilibet
3573 3191 3766 3247 Domi-

2161 3298 2264 3337 nus
2315 3297 2421 3336 non
2467 3283 2700 3352 imputet
2737 3293 3040 3352 peceatum,
3089 3284 3184 3339 sed
3233 3283 3284 3338 ei
3326 3283 3416 3354 qui
3465 3283 3765 3341 crediderit

2157 3388 2257 3443 per
2306 3371 2467 3428 ﬁdem
2518 3387 2674 3428 suam
2717 3383 2943 3444 peccata
2987 3389 3099 3430 non
3140 3381 3374 3446 reputet.
3427 3373 3580 3430 Sicut
3609 3376 3761 3431 enim

2155 3463 2386 3520 Abrahze
2427 3472 2675 3533 reputata
2713 3475 2803 3520 est
2843 3466 2978 3522 ﬁdes
3012 3466 3080 3520 ad
3101 3465 3390 3534 justitiam,
3420 3467 3492 3520 ita
3531 3475 3589 3521 et
3611 3466 3762 3524 oumi

2157 3555 2398 3610 credenti
2423 3571 2546 3611 cum
2570 3555 2705 3611 ﬁdes
2726 3557 2795 3612 ad
2817 3557 3092 3628 justitiam
3136 3567 3440 3628 reputatur,
3470 3569 3756 3628 peccatum

2157 3646 2346 3716 utique
2380 3662 2488 3702 non
2523 3647 2846 3718 imputatur.
2895 3648 3081 3720 Neque
3115 3650 3258 3704 enim
3305 3650 3374 3705 de
3411 3649 3575 3720 justis
3603 3650 3754 3714 dicit,

2153 3739 2284 3808 quia
2311 3747 2598 3810 reputatur
2624 3740 2704 3795 eis
2745 3741 2880 3796 ﬁdes
2927 3741 2994 3796 ad
3038 3741 3330 3812 justitiam.
3379 3742 3536 3809 Quod
3581 3741 3628 3796 si
3681 3742 3758 3796 ita

2153 3839 2394 3904 putetur,
2421 3847 2542 3902 quae
2563 3834 2834 3889 videbitur
2857 3835 3029 3906 gratia
3047 3834 3198 3904 justo
3219 3835 3462 3904 reputari
3501 3835 3574 3888 ad
3597 3833 3756 3903 justi-

2159 3925 2326 3980 tiam?
2350 3924 2458 3982 Sed
2482 3927 2669 3997 utique
2709 3926 2798 3982 ille
2824 3927 2962 3981 dixit
3003 3926 3165 3982 ﬁdem
3211 3936 3519 3997 reputatam
3541 3941 3664 3982 esse
3687 3927 3757 3982 ad

2147 4019 2442 4090 justitiam,
2467 4019 2561 4090 qui
2593 4028 2884 4090 antequam
2923 4019 3151 4075 haberet
3185 4021 3328 4076 hanc
3355 4021 3538 4084 ﬁdem,
3573 4023 3641 4076 ad
3660 4021 3753 4091 ju-

2153 4111 2355 4174 stitiam
2387 4127 2494 4186 non
2525 4111 2880 4178 habebat;-et
2924 4113 3029 4167 iste
3057 4121 3142 4168 est
3185 4113 3376 4183 utique
3421 4113 3617 4168 beatus
3663 4111 3753 4168 cui

2153 4203 2296 4258 Dens
2325 4213 2546 4274 accepto
2575 4203 2684 4258 fert
2707 4204 2970 4273 justitiam
2994 4205 3113 4261 sine
3137 4207 3413 4275 operibus,
3439 4216 3493 4260 et
3521 4206 3606 4259 cui
3638 4221 3753 4260 non

2155 4295 2452 4365 imputatur
2477 4304 2792 4364 peccatum:
2819 4296 2904 4351 cui
2928 4295 3092 4363 etiam
3120 4297 3363 4352 remissae
3393 4305 3516 4350 sunt
3547 4295 3758 4364 iniqui-

2153 4395 2315 4448 tates,
2365 4394 2420 4442 et
2475 4387 2714 4454 obtecta,
2760 4387 2805 4442 si
2850 4403 2960 4458 qua
3005 4395 3163 4443 antea
3224 4388 3459 4469 iuet-ant,
3497 4399 3754 4457 peccata.

2152 4475 2348 4548 (Orig.)
2382 4476 2488 4533 Sed
2517 4487 2828 4549 repetamus
2849 4481 3028 4535 adhuc
3062 4480 3208 4551 quod
3247 4479 3381 4536 dicit
3407 4498 3419 4532 :
3451 4479 3518 4534 Et
3539 4481 3754 4550 signum

455 4545 656 4647 Ehrlsti
685 4546 1102 4647 prohiberentur
1123 4549 1408 4647 venient-es.
1439 4551 1504 4605 ad
1547 4553 1802 4647 gratiam,
1830 4557 2048 4627 quando
2074 4586 2128 4647 Β
2152 4545 2341 4638 accipit
2371 4545 2838 4634 circumcisionem,
2867 4545 3199 4641 signaculum
3213 4572 3440 4642 justitiw
3460 4545 3608 4641 ﬁdei,
3629 4589 3756 4644 qua:

456 4636 783 4708 Deusgratia
804 4637 962 4708 plene
987 4638 1268 4695 incitavit?
1291 4641 1528 4696 Dicimus
1555 4645 1716 4710 enim,
1748 4645 1851 4701 hoc
1878 4654 1984 4712 est,
2002 4647 2049 4702 si
2074 4636 2121 4647 ”
2153 4667 2229 4713 est
2257 4636 2312 4713 in
2340 4662 2596 4731 prwputio
2627 4677 2646 4716 :
2684 4676 2750 4717 ac
2769 4636 3092 4732 proﬁmdam
3137 4665 3194 4719 in
3213 4636 3301 4720 his
3331 4636 3487 4719 Pauli
3527 4636 3753 4736 sapic"-

455 4742 618 4782 sensu
631 4728 770 4799 legis
785 4725 1076 4800 loquimur,
1097 4732 1220 4802 quia
1244 4744 1481 4802 reputate
1503 4745 1575 4788 est
1595 4735 1817 4790 Abraha:
1830 4737 1962 4806 ﬁdes
1980 4737 2048 4792 ad

445 4819 735 4890 justitiam.
759 4818 842 4874 Ab
872 4822 1083 4892 origine
1128 4821 1337 4893 incipit,
1377 4833 1435 4879 ut
1477 4842 1693 4882 omnem
1724 4830 2049 4900 tergiversa-

455 4912 657 4993 tionem
697 4913 1058 4970 cavillationis
1095 4916 1386 4972 exeludat:
1432 4921 1525 4990 qui
1576 4938 1604 4975 a
1642 4924 1818 4991 capite
1864 4925 2050 4981 exclu-

451 5002 618 5067 ditur,
658 5019 768 5059 non
807 5005 971 5060 habet
1009 5007 1149 5061 unde
1189 5007 1413 5078 incipiat
1451 5009 1630 5066 facere
1668 5015 2044 5081 quaestionem.

525 5095 800 5160 Quomodo
823 5115 944 5167 ergo
986 5109 1224 5170 reputata
1266 5109 1340 5154 cst
1364 5101 1388 5153 ?
1412 5117 1530 5154 cum
1570 5103 1624 5155 in
1650 5103 2046 5162 circumcisione

452 5195 605 5252 esset,
643 5206 712 5242 an
750 5189 805 5241 in
844 5189 1142 5259 prwputio?
1184 5185 1312 5246 Non
1348 5193 1402 5246 in
1433 5194 1850 5262 circumcisione,
1875 5199 1964 5252 sed
1993 5201 2048 5254 in

453 5280 730 5348 pra'putio.
755 5277 825 5333 Et
847 5281 1052 5351 signum
1073 5283 1270 5354 accepit
1287 5283 1698 5340 circumcisionis
1719 5289 2048 5358 signaculum

445 5366 672 5438 justitia:
696 5370 844 5437 ﬁdei,
866 5370 984 5442 qut'r
1005 5373 1157 5428 estin
1176 5376 1459 5446 pra'putio,
1483 5379 1621 5432 utsit
1647 5388 1796 5449 pater
1817 5378 2050 5436 omnium

453 5457 799 5522 credentium,
816 5472 872 5514 ut
891 5473 1158 5534 reputatur
1178 5475 1226 5518 et
1247 5465 1352 5520 illis
1377 5465 1448 5520 ad
1465 5467 1753 5537 justitiam.
1771 5470 2048 5528 Abraham

456 5565 580 5604 cum
601 5561 746 5606 esset
766 5551 819 5606 i‘n
835 5557 1101 5624 praeputio
1115 5557 1346 5612 credidit
1368 5557 1495 5612 Deo.
1513 5559 1652 5627 Quid
1669 5561 1931 5618 credidit?
1954 5563 2051 5620 Se-

456 5662 580 5701 men
603 5659 662 5700 se
680 5641 1018 5713 habiturum,
1041 5649 1094 5703 id
1123 5658 1224 5713 est,
1245 5649 1410 5706 ﬁlium
1441 5651 1495 5706 in
1523 5651 1630 5724 quo
1651 5671 1844 5713 omnes
1864 5668 2053 5728 gentes

456 5736 883 5807 justiﬁearentur
897 5755 992 5808 per
1010 5739 1170 5794 ﬁdem
1187 5741 1238 5794 in
1255 5743 1536 5813 prmputio,
1556 5747 1694 5803 sicut
1705 5757 1762 5803 et
1773 5749 2052 5808 Abraham

455 5827 784 5900 justiﬁeatus
808 5838 911 5886 est.
935 5829 1072 5887 Nam
1098 5831 1565 5892 circumcisionem
1603 5839 1816 5910 signum
1844 5845 2058 5916 accepit

2156 4751 2288 4804 tiam
2315 4752 2768 4822 contemplamur.
2803 4754 3076 4812 Fortassis
3100 4757 3244 4812 enim
3291 4757 3565 4827 aliquibus
3594 4771 3752 4812 eum-

2155 4843 2276 4898 dem
2299 4858 2606 4899 sermonem
2643 4847 2882 4901 secundo
2919 4847 3100 4902 dicere
3139 4849 3410 4914 videatur,
3446 4849 3502 4903 id
3533 4858 3640 4913 est,
3677 4852 3754 4905 si-

2155 4948 2318 5004 gnum
2349 4943 2404 4988 et
2433 4935 2792 5005 signaculum.
2823 4936 2928 4992 Sed
2961 4937 3094 4992 mihi
3137 4948 3368 5008 uterque
3404 4956 3588 4995 sermo
3617 4941 3756 4996 mul-

2156 5032 2264 5078 tam
2283 5024 2423 5080 inter
2437 5041 2497 5080 se
2511 5027 2722 5082 videtur
2742 5027 2940 5084 habere
2956 5028 3337 5085 diﬂ‘erentiam.
3354 5031 3580 5101 Signum
3593 5049 3752 5087 nam.

2153 5131 2258 5186 que
2286 5116 2487 5172 dicitur
2527 5135 2649 5174 cum
2683 5137 2782 5192 per
2806 5121 2910 5176 hoc
2943 5121 3087 5192 quod
3117 5121 3332 5178 videtur
3368 5124 3513 5178 aliud
3542 5123 3752 5194 aliquid

2155 5207 2446 5275 indicatur,
2487 5211 2631 5266 sicut
2683 5213 2833 5268 verbi
2889 5215 3091 5285 gratia,
3137 5231 3262 5270 cum
3299 5217 3432 5272 dicit
3486 5217 3749 5272 Dominus

2156 5299 2210 5354 in
2234 5301 2558 5372 Evangelia:
2592 5300 2873 5359 Generatio
2902 5317 3078 5360 autem
3107 5308 3315 5378 signum
3343 5309 3534 5379 quierit
3553 5325 3573 5362 :
3600 5318 3648 5362 et
3677 5309 3752 5361 si-

2156 5389 2315 5462 gnam
2343 5407 2449 5448 non
2475 5394 2690 5449 dabitur
2739 5398 2806 5463 ei,
2861 5397 2963 5452 nisi
3009 5400 3217 5470 signum
3261 5400 3417 5455 Iona:
3459 5401 3749 5474 propheta.

2159 5479 2305 5536 Sicut
2351 5485 2488 5538 enim
2529 5484 2700 5542 Jonas
2742 5487 2841 5558 fuit
2889 5489 2944 5544 in
2973 5500 3145 5545 ventre
3179 5491 3277 5546 ceti
3325 5489 3492 5547 tribus
3539 5494 3749 5558 diebus,

2157 5583 2206 5629 et
2231 5575 2396 5630 tribus
2421 5577 2679 5646 noctibus,
2704 5581 2786 5634 ita
2806 5587 2864 5636 ἐι
2888 5580 3089 5636 Filium
3135 5584 3362 5638 hominis
3403 5594 3604 5655 Oportet
3639 5601 3752 5638 esse

2159 5667 2216 5723 in
2270 5668 2425 5723 corde
2466 5678 2623 5724 terra:
2687 5671 2857 5726 tribus
2915 5673 3138 5741 diebus,
3189 5685 3239 5730 et
3292 5675 3460 5730 tribus
3507 5673 3752 5732 κοί-απαξ

2162 5755 2378 5829 (Matth.
2420 5759 2540 5830 xu).
2575 5759 2689 5817 Hoc
2714 5771 2800 5818 est
2817 5778 2953 5835 ergo
2981 5765 3196 5836 signum
3226 5766 3317 5820 ubi
3342 5765 3510 5822 Jonas
3529 5767 3753 5822 videbat:-

2162 5858 2251 5904 tur
2272 5858 2326 5906 et
2356 5851 2606 5908 Christus
2635 5853 3059 5926 intelligebatur.
3109 5855 3374 5914 Similiter
3409 5865 3468 5914 et
3495 5858 3614 5928 ipso
3639 5857 3751 5913 Do—
