4056 6336
161 420 355 478 i557
702 380 1300 473 i'ENARRATlONUM
1338 411 1406 467 ΙΝ
1443 409 1596 468 ΕΡΡ.
1637 407 1842 466 PAULI
1877 407 2005 464 LIB.
2043 407 2106 463 ll.
2145 436 2218 449 —
2252 405 2322 462 IN
2357 406 2576 463 EPIST.
2614 407 2709 463 AD
2746 405 2892 465 ROM
3339 406 3475 465 1558

161 538 365 594 mino
405 538 459 592 in
496 533 790 604 Evangelio
834 531 1070 588 dicitur:
1104 529 1240 583 Ecce
1280 528 1426 584 enim
1471 527 1554 581 hic
1597 526 1797 597 positus
1826 529 1877 587 Α
1902 524 1967 579 de
1985 522 2259 578 Abraham
2279 525 2487 579 semine
2509 523 2807 579 secundum
2846 536 3068 578 carnem
3092 537 3262 593 genus
3288 524 3482 579 dicun-

167 637 274 682 est
312 627 376 680 in
404 624 611 678 ruinam
639 633 687 678 et
732 622 785 677 in
829 621 1257 676 resurrectionem
1304 615 1612 677 multorum,
1654 624 1703 670 et
1743 616 1799 669 in
1902 621 1993 668 tur
2023 628 2130 668 non
2176 614 2428 668 dicuntur
2456 613 2553 668 ﬁlii
2591 614 2882 679 Abraham,
2927 613 2974 669 si
3003 613 3123 683 ejus
3149 630 3255 669 non
3279 615 3485 670 habent

168 719 425 788 signum
461 716 545 769 cui
590 714 979 771 contradicetur
1003 708 1155 782 (Luc.
1198 710 1282 779 ιι).
1314 707 1803 763 Contradicebatur
1902 702 2085 759 ﬁdem.
2122 702 2213 758 Sic
2256 705 2491 775 denique
2516 714 2571 761 et
2608 707 2871 776 propheta
2900 706 3035 761 dicit
3056 706 3125 761 ad
3164 720 3296 762 eos:
3324 705 3489 764 Pater

171 810 362 865 enim
403 808 558 879 signo
599 806 655 860 in
714 821 819 876 quo
874 802 1120 859 Christus
1175 808 1430 865 venerat,
1480 799 1609 869 quia
1660 796 1802 852 aliud
1903 802 2024 848 tuus
2048 793 2385 848 Amorrhwus
2423 804 2470 848 et
2512 805 2681 849 mater
2716 806 2809 850 tua
2849 793 3061 851 Cetluea
3102 796 3321 867 (Ezech.
3349 798 3485 871 XVI),

175 902 250 957 in
285 916 361 958 eo
390 900 695 965 videbatur,
724 906 779 951 et
809 895 952 951 aliud
984 894 1403 965 intelligebatur.
1436 891 1577 947 Caro
1617 904 1805 946 cerne-
1904 887 2099 957 quibus
2164 886 2354 956 utique
2406 902 2514 941 non
2572 902 2667 943 eos
2715 889 3061 944 necessitudo
3106 890 3343 960 generis,
3393 891 3494 945 sed

172 994 403 1061 batur,
429 1003 483 1050 et
507 994 647 1049 Deus
673 992 1016 1047 credebatur.
1045 989 1135 1045 Sic
1163 1004 1294 1059 ergo
1319 974 1519 1057 accipit
1545 994 1602 1042 et
1625 983 1802 1040 Abra-
1904 999 2115 1039 morum
2145 983 2442 1039 similitudo
2481 981 2762 1053 jungebat.
2803 983 2873 1038 Ut
2896 994 3066 1051 esset,
3093 985 3291 1055 inquit,
3328 984 3493 1041 Pater

176 1093 344 1149 ham
379 1105 591 1162 signum
624 1108 638 1144 :
667 1098 724 1145 et
760 1087 905 1159 quod
930 1102 1050 1143 esse
1076 1085 1289 1156 signum
1337 1083 1393 1138 in
1431 1079 1805 1152 consequenti-
1904 1072 2141 1129 omnium
2185 1073 2526 1138 credentium,
2578 1088 2678 1144 per
2723 1074 3070 1145 praeputium,
3115 1085 3176 1130 ut
3206 1084 3494 1146 repetetur

177 1186 315 1240 bus
364 1182 515 1239 dicit.
552 1179 1032 1242 Circumcisionem,
1063 1176 1237 1247 inquit
1262 1195 1275 1231 :
1304 1190 1425 1247 qua:
1461 1172 1806 1230 circumcisio
1906 1164 2013 1220 illis
2038 1164 2107 1219 all
2130 1164 2431 1236 iUSliliam;
2466 1172 2522 1221 θι
2550 1172 2707 1235 Pam?
2754 1165 3206 1233 οίτευωείείοηίευ
3256 1184 3365 1224 non
3402 1169 3495 1225 hi8

182 1286 365 1335 esset
392 1274 724 1346 signaculum
760 1272 987 1343 justitiw
1014 1270 1159 1340 ﬁdei,
1203 1284 1367 1339 quam
1415 1266 1605 1322 habuit
1645 1272 1805 1320 ante-
1907 1266 2087 1314 tamen
2120 1258 2212 1328 qui
2264 1267 2395 1313 sunt
2423 1273 2492 1312 ex
2547 1258 2989 1325 circumcisione,
3019 1259 3115 1314 sed
3148 1266 3208 1343 et
3252 1259 3361 1316 illis
3396 1262 3495 1330 qui

181 1383 384 1438 quam
415 1363 914 1421 circumcideretur.
966 1361 1113 1416 Bene
1167 1375 1296 1431 ergo
1334 1357 1804 1414 circumcisionem
1905 1359 2209 1441 sequuntur
2232 1350 2463 1441 vestigia
2487 1347 2779 1441 ejus,un
2817 1358 2902 1404 est
2944 1350 3006 1441 in
3051 1352 3315 1420 praeputio
3368 1351 3497 1409 ﬁdei

183 1460 435 1531 signum
459 1456 747 1529 appellavit
772 1456 825 1509 in
849 1453 1143 1516 Abraham,
1174 1451 1302 1522 quia
1324 1459 1380 1507 et
1418 1450 1533 1520 ipsa
1560 1448 1704 1504 aliud
1726 1448 1808 1502 vi-
1904 1439 2081 1531 patris
2111 1440 2283 1496 liOSll‘i
2305 1440 2604 1507 Abraham.
2635 1440 2690 1495 in
2731 1439 2842 1511 quo
2868 1440 3152 1496 evidenter
3174 1449 3233 1497 et
3264 1450 3497 1512 utroque

184 1548 470 1615 debatur,
496 1558 550 1605 et
581 1548 725 1602 aliud
749 1545 1177 1615 intelligebatur:
1198 1552 1251 1598 et
1280 1541 1515 1598 ostendit
1545 1539 1673 1610 quia
1691 1539 1806 1610 jam
1904 1530 2122 1601 populo,
2155 1531 2296 1585 sicut
2325 1531 2575 1600 superius
2602 1531 2856 1596 diximus,
2882 1533 3199 1602 pronuntiat
3234 1548 3345 1591 non
3367 1548 3497 1590 car-

189 1651 349 1698 tunc
398 1640 633 1697 carnalis
663 1639 753 1693 illa
794 1636 1136 1692 circumcisio
1180 1634 1391 1706 signum
1432 1640 1550 1687 erat
1580 1631 1808 1686 circum-
1907 1621 1994 1675 nis
2028 1620 2318 1691 originem.
2353 1621 2448 1676 Sed
2471 1620 2806 1676 nobilitatem
2830 1622 2955 1677 ﬁdei
2985 1623 3391 1693 requirendam.

188 1733 446 1789 cisionis
478 1730 757 1803 spiritalis,
790 1744 910 1799 qua;
940 1742 1046 1782 non
1075 1726 1129 1780 in
1161 1740 1325 1807 carne
1365 1723 1680 1792 suscipitur,
1711 1720 1807 1776 sed
1962 1711 2338 1783 Nonenimper
2352 1713 2513 1783 legem
2526 1714 3045 1785 promissioAbrahw
3059 1718 3497 1789 autseminiejus,

192 1826 261 1882 in
290 1824 483 1880 corde.
508 1822 661 1890 Quod
688 1838 816 1877 vero
838 1819 976 1874 dixit
1003 1806 1362 1888 signaculum,
1397 1815 1471 1869 ita
1495 1812 1808 1884 intelligen-
1833 1881 1876 1890 _
1910 1816 1967 1859 ut
1988 1806 2155 1861 Ιιίενεε
2181 1816 2312 1861 esset
2338 1807 2544 1873 mundi.
2571 1818 2670 1862 sed
2694 1808 3057 1878 periustt'tt'am
3088 1809 3236 1876 ﬁdei.
3266 1810 3500 1883 (Δίαιον.)

192 1881 347 1972 dum
374 1881 887 1986 putofSignaculum
903 1881 1100 1967 dicitur
1115 1925 1235 1964 cum
1254 1907 1505 1963 alicuirei
1522 1905 1805 1961 servandae
1833 1881 1882 1942 Β
1909 1896 2254 1953 Μθηίΐυδιυιιι
2267 1906 2372 1965 εει,
2388 1898 2516 1967 ltitia
2529 1914 2706 1967 neque
2717 1900 2894 1955 adhuc
2905 1899 2992 1955 lex
3019 1902 3143 1955 data
3165 1911 3310 1967 erat,
3326 1917 3505 1972 neque

192 2023 315 2079 pro
335 2003 1163 2078 temporecustodiaimponitur,
1181 2001 1323 2070 quod
1345 1998 1806 2063 nemoalius,nisi
1904 1988 2018 2058 jam
2052 1998 2171 2044 erat
2211 1989 2578 2054 circumcisio,
2622 1992 2839 2060 quando
2886 1992 3180 2062 promissio
3228 1993 3376 2050 facta
3414 2006 3505 2051 est

193 2098 333 2169 ipse
364 2098 456 2168 qui
497 2098 796 2167 impressit,
827 2095 1023 2149 debeat
1050 2094 1345 2163 resignare.
1371 2092 1477 2146 Per
1503 2084 1646 2146 isiud
1676 2104 1805 2162 ergo
1907 2081 2142 2135 Abrahae
2181 2080 2441 2146 credenti.
2474 2091 2527 2136 el
2559 2082 2753 2137 semini
2786 2080 2923 2151 eius,
2954 2083 3098 2153 quod
3119 2092 3203 2141 est
3225 2084 3500 2151 Christus,

197 2187 580 2259 signaculum,
606 2174 904 2257 ut'exponit
928 2184 1240 2255 Apostolus,
1258 2183 1467 2252 justitia
1494 2181 1619 2236 ﬁdei
1642 2196 1807 2251 quam
1910 2172 2004 2263 qni
2033 2173 2314 2227 hominum
2356 2179 2581 2263 peccatu
2615 2171 2882 2263 ablueret.
2918 2172 3071 2229 Unde
3100 2175 3237 2231 dicit
3262 2174 3502 2232 Joannes

198 2278 262 2333 in
292 2278 565 2347 praeputio
593 2278 801 2349 positus
851 2273 1128 2330 Abraham
1173 2276 1422 2343 accipere
1469 2272 1685 2337 meruit,
1722 2273 1807 2327 in—
1911 2262 2187 2333 Baptista:
2218 2263 2354 2317 Ecce
2394 2262 2574 2336 Agnus
2620 2262 2762 2317 Dei:
2811 2280 2927 2317 ecce
2965 2266 3056 2335 qui
3102 2264 3241 2319 tollit
3287 2277 3503 2336 peccata

198 2368 460 2431 dicatur,
482 2376 534 2422 et
556 2377 711 2438 pater
736 2382 857 2421 esse
880 2362 1172 2420 multarum
1201 2366 1442 2435 gentium
1470 2381 1482 2416 :
1508 2364 1650 2434 quod
1684 2372 1811 2417 tunc
1912 2356 2095 2410 mundi
2119 2355 2301 2425 (Joan.
2334 2355 2397 2429 1).
2421 2355 2536 2411 Non
2566 2372 2700 2427 ergo
2738 2358 2939 2412 merito
2968 2367 3198 2413 servatae
3240 2358 3374 2430 legis
3396 2360 3504 2415 hm-

199 2461 497 2516 cretliinus
526 2460 929 2530 resignandum,
971 2474 1092 2513 cum
1139 2457 1416 2527 plenitudo
1447 2458 1686 2529 gentium
1724 2456 1810 2510 in—
1912 2462 2002 2501 res
2029 2444 2205 2501 lamus
2244 2455 2330 2502 est
2363 2447 2571 2512 mundi,
2600 2444 2701 2503 Sed
2734 2447 2880 2513 ﬁdei.
2929 2449 3102 2503 Ιιωνθε
3134 2458 3319 2504 amem
3345 2464 3503 2505 mun-

202 2550 458 2615 troierit,
492 2560 547 2604 et
585 2552 763 2606 omuis
792 2544 956 2605 lsrael
999 2548 1295 2604 saIVabitur
1324 2547 1499 2616 (Rom.
1524 2549 1623 2619 xi).
1658 2546 1812 2603 Tunc
1915 2537 1967 2592 di
2008 2539 2184 2593 Ῑιυῖτεε
2211 2546 2298 2593 εει
2322 2548 2482 2592 lem}?
2508 2578 2524 2605 9
2575 2553 2739 2609 quam
2772 2540 2825 2594 in
2864 2540 2991 2595 ﬁliis
3014 2552 3341 2599 οοηεθουωε
3374 2552 3461 2599 est
3488 2561 3500 2596 ε

201 2645 365 2701 enim
392 2644 508 2703 ﬁet.
535 2647 677 2714 quod
700 2643 831 2698 dicit
857 2641 1169 2712 Apostolus,
1194 2657 1301 2697 non
1341 2640 1515 2696 solum
1541 2641 1803 2710 gentium,

1914 2629 2164 2685 Christus
2199 2639 2381 2685 autem
2404 2632 2579 2687 haeres
2607 2641 2691 2686 est
2720 2633 2987 2703 gentium,
3027 2644 3087 2689 ut
3112 2634 3278 2689 David
3306 2636 3457 2692 canit
3486 2655 3499 2691 :

202 2738 309 2795 sed
353 2738 523 2791 etiam
554 2737 985 2792 circumcisionis
1010 2751 1109 2806 per
1138 2734 1298 2790 ﬁdem
1321 2743 1480 2805 pater
1507 2734 1807 2789 Abraham.
1915 2719 1986 2774 El
2011 2721 2148 2775 dabo
2174 2721 2266 2775 tibi
2292 2732 2467 2794 gemes
2489 2723 2851 2778 hwreditalem
2878 2735 3027 2778 tuam
3052 2735 3103 2779 et
3124 2728 3504 2795 possessionem

203 2833 279 2887 Et
304 2833 492 2887 adhuc
512 2831 755 2900 apertius
780 2830 847 2885 de
881 2831 1036 2901 signo
1076 2839 1131 2885 et
1172 2828 1450 2901 signaculo
1473 2828 1805 2883 disseramus

1924 2821 2071 2865 tuam
2101 2814 2350 2867 terminos
2377 2823 2532 2867 terra,
2556 2811 2732 2877 (Paul.
2767 2814 2844 2884 1);
2890 2816 2973 2885 ips
3013 2815 3160 2870 enim
3186 2817 3503 2885 moriemur,

202 2942 339 2981 cum
361 2926 577 2994 signum
595 2924 687 2990 sit,
706 2933 765 2978 ut
782 2923 1141 2990 diximus,uhi
1158 2924 1428 2977 indicatur
1450 2920 1652 2989 aliquid
1668 2920 1814 2976 aliud
1916 2912 1972 2960 εί
1995 2905 2240 2961 Vivam”
2263 2922 2385 2961 cum
2408 2921 2494 2964 θο·
2536 2907 2656 2963 Νθη
2696 2909 2844 2963 enim
2879 2925 2977 2980 Per
3012 2910 3192 2981 1⁸8⁸³³
3216 2913 3508 2982 militiai.

204 3032 313 3089 per
363 3016 474 3069 hoc
518 3014 661 3083 quod
691 3014 945 3081 videtur;
1000 3012 1335 3085 signaculum
1378 3028 1509 3067 vero
1540 3008 1806 3067 concludi-

1916 2995 2150 3051 Abrahze
2201 3007 2298 3053 aut
2338 2999 2537 3055 semini
2591 2998 2724 3068 ejus,
2779 3008 2839 3055 ut
2878 3002 3054 3057 lateres
3099 3012 3247 3058 esset
3297 3006 3504 3072 mundi,

206 3087 305 3163 iur
350 3121 457 3175 pro
485 3112 725 3175 tempore
762 3102 985 3174 aliquid,
1026 3113 1080 3159 et
1123 3120 1229 3159 non
1257 3111 1428 3175 patet.
1458 3102 1643 3159 Potest
1670 3102 1816 3157 enim
1920 3087 2015 3142 59d
2035 3102 2132 3158 Ρθτ
2160 3088 2438 3161 insuum?
2473 3089 2619 3146 ﬁdei-
2650 3089 2853 3162 (OW-l
2882 3091 3002 3148 Hoc
3037 3094 3093 3147 in
3127 3094 3248 3150 loco
3275 3095 3407 3150 mihi
3434 3097 3511 3151 Vi-

207 3200 289 3255 ita
332 3196 590 3267 intelligi,
621 3196 764 3267 quod
800 3198 1057 3269 mysteria
1088 3214 1209 3267 qua:
1249 3199 1304 3251 in
1331 3197 1449 3269 lege
1492 3204 1546 3253 et
1584 3196 1809 3267 patriar-

1923 3178 2080 3233 detur
2104 3180 2171 3234 de
2200 3179 2314 3255 lege
2345 3180 2514 3251 Moysi
2536 3181 2832 3250 Apostolus
2853 3182 3155 3254 disputare,
3199 3194 3254 3240 et
3294 3201 3506 3242 assere-

208 3287 831 3348 cliisadumbrabantur
856 3289 1165 3361 hujusmodi
1193 3298 1371 3355 erant,
1411 3304 1532 3360 quze
1561 3297 1617 3343 et
1644 3288 1810 3360 signis

1920 3287 1982 3327 re
2014 3273 2158 3345 quod
2204 3273 2498 3344 promissio
2530 3289 2654 3344 quae
2692 3274 2846 3333 facta
2892 3282 2978 3333 est
3032 3278 3100 3333 ad
3128 3278 3402 3333 Abraham
3444 3288 3507 3335 ut

212 3379 517 3438 indicanda
572 3389 754 3434 essent
799 3389 853 3435 et
903 3381 1197 3451 signaculis
1239 3381 1603 3436 observanda.
1662 3380 1814 3448 Quod

1919 3362 2288 3420 haereditatem
2329 3366 2543 3433 mundi,
2570 3366 2627 3422 id
2664 3375 2770 3434 est,
2817 3377 2978 3425 terrae
3020 3370 3185 3425 totius
3234 3372 3508 3441 acciperet

212 3491 350 3545 ergo
382 3472 558 3541 signis
586 3470 875 3527 indicanda
900 3484 1076 3539 erant,
1103 3474 1155 3527 in
1198 3474 1284 3528 his
1312 3474 1406 3544 qui
1428 3473 1720 3528 credebant
1749 3489 1814 3529 ex

1918 3452 2035 3523 ipse
2064 3454 2149 3509 vel
2174 3470 2360 3511 semen
2400 3456 2541 3527 ejus,
2562 3472 2679 3513 non
2725 3473 2794 3513 ex
2840 3458 3012 3530 Moysi
3050 3460 3171 3530 lege
3210 3461 3505 3520 censura.

218 3542 484 3638 gentibus
528 3563 741 3633 signum
798 3563 1028 3632 cmpisse
1068 3563 1267 3617 dicitur
1316 3542 1623 3629 Abraham;
1673 3564 1819 3633 quod
1921 3542 2051 3610 Quae
2091 3544 2598 3638 “liquﬁpl‘omissm
2627 3548 2698 3605 ad
2734 3548 3011 3604 Abraham
3054 3560 3181 3607 alie
3218 3552 3364 3609 Ῑθοιδ
3395 3566 3506 3622 αἱ»

218 3635 356 3713 vero
380 3652 474 3709 his
510 3667 579 3707 ex
627 3653 1041 3708 circumcisione
1083 3668 1189 3706 non
1218 3661 1374 3707 erant
1403 3653 1683 3718 credituri,
1730 3653 1822 3707 ob-
1921 3649 2084 3704 quam
2125 3650 2222 3704 Per
2251 3635 2470 3706 M0358“
2498 3638 2566 3694 de
2591 3637 2727 3709 Ῑθῧίε
2748 3639 3101 3696 Observa“
3130 3645 3505 3700 ωπάλνθιιιτ-

223 3746 497 3806 servanda
537 3754 695 3801 erant
747 3748 803 3799 et
842 3744 1163 3815 obtegenda.
1219 3742 1570 3813 Signaculum
1619 3743 1820 3798 dicitur
1861 3796 1872 3807 ,
1922 3725 2015 3782 δίο
2048 3741 2178 3798 θνῧο
2222 3743 2330 3783 υοη
2371 3737 2457 3783 θει
2501 3743 2571 3785 ei
2621 3729 2741 3799 lese
2792 3732 3084 3802 promissio
3122 3732 3378 3802 Abrahae,
3412 3750 3507 3792 ιιθι

227 3841 509 3910 accepisse
536 3856 548 3892 :
585 3836 729 3908 quod
759 3837 1092 3909 signaculum
1136 3835 1225 3890 illo
1256 3836 1441 3905 utique
1481 3836 1538 3891 in
1579 3844 1820 3905 tempore
1921 3833 2027 3889 que
2058 3818 2249 3874 semini
2274 3818 2411 3888 eius,
2444 3829 2503 3876 υι
2527 3822 2703 3879 limes
2727 3823 2800 3879 Sil
2834 3826 3042 3891 mundi»
3090 3827 3184 3883 ϐοά
3213 3842 3312 3898 μοι’
3343 3830 3508 3900 ius“-

230 3930 606 4000 designabitur
656 3945 779 3983 cum
830 3928 885 3982 in
933 3928 1246 3982 novissimis
1296 3927 1507 3991 diebus,
1533 3936 1819 3997 postquam

1923 3910 2053 3964 tiam
2094 3910 2235 3974 ﬁdei,
2282 3911 2694 3983 intelligentiam
2730 3915 3054 3987 planiorem,
3100 3927 3266 3989 atque
3291 3936 3353 3975 ea
3387 3937 3507 3991 quae

232 4021 527 4094 plenitudo,
557 4029 616 4074 ut
645 4021 899 4084 diximus,
932 4019 1173 4091 gentium
1203 4019 1493 4084 introierit,
1533 4020 1712 4075 omnis
1747 4020 1823 4075 ls-

1921 4006 2195 4060 contraria
2221 4016 2481 4088 putantur
2523 4022 2764 4065 consona
2812 4026 2955 4078 esse,
2994 4021 3055 4067 et
3102 4014 3207 4069 sibi
3269 4016 3502 4071 invicem

233 4115 349 4170 rael
377 4113 694 4168 salvabitur.
722 4113 929 4168 Idcirco
958 4112 1191 4182 denique
1218 4120 1345 4167 ante
1370 4111 1647 4167 Abraham
1662 4110 1820 4180 justi-

1923 4097 2312 4152 concordantia
2381 4097 2875 4170 deprehenduntur.
2942 4100 3144 4175 (ΑΜ.)
3213 4105 3284 4163 Ut
3340 4122 3506 4162 animi

236 4209 432 4264 ﬁcatur
470 4206 521 4258 in
569 4204 694 4272 ﬁde,
730 4204 855 4259 dum
901 4205 1079 4260 adhuc
1118 4213 1267 4261 esset
1306 4205 1737 4271 incircumcisus,
1767 4212 1823 4260 et

1921 4189 2092 4245 Deum
2128 4191 2377 4246 omnium
2402 4191 2601 4247 doceat
2626 4192 2925 4263 alloquitr
2949 4195 3178 4266 gentiles
3232 4197 3507 4255 Abraham

238 4308 425 4371 postea
459 4299 886 4362 circumciditur,
941 4305 1001 4352 ut
1041 4297 1421 4352 oStenderetur
1458 4297 1634 4368 primo
1666 4304 1822 4366 pater
1922 4282 2025 4351 iPSi
2056 4283 2166 4338 ῧθο
2196 4283 2496 4339 credidisse
2540 4292 2597 4339 θῑ
2634 4284 2997 4354 insulime
3040 4302 3164 4343 esse
3211 4299 3336 4345 ante
3360 4305 3507 4357 eum.

241 4394 453 4448 futurus
483 4393 772 4463 multarum
801 4392 1062 4462 gentium,
1104 4398 1159 4444 et
1200 4398 1390 4460 postea
1417 4406 1603 4445 eorum
1630 4391 1721 4459 qui
1753 4404 1819 4444 ex

1922 4377 1975 4430 in
2015 4392 2178 4446 quem
2206 4385 2261 4431 et
2301 4390 2490 4448 gentes
2537 4379 2789 4445 credunt,
2822 4389 2881 4434 ut
2896 4381 3283 4450 justiﬁcentur,
3313 4393 3371 4438 ut
3400 4400 3506 4439 non

242 4484 657 4540 circumcisione
705 4482 962 4537 credituri
1013 4488 1158 4535 sunt.
1211 4479 1396 4550 Neque
1443 4481 1586 4535 enim
1636 4480 1692 4534 hi
1728 4480 1819 4550 qui
1922 4470 1995 4523 Sil
2023 4469 2279 4524 diSh'illlia
2325 4468 2497 4525 iudici
2542 4478 2601 4524 ει
2644 4470 2817 4527 (ἓιῖιξοι
2860 4472 2915 4526 in
2958 4472 3081 4537 fide,
3134 4475 3259 4537 quia
3298 4477 3509 4531 Sllblala

245 4573 538 4629 secundum
594 4587 812 4625 carnem
885 4580 1181 4626 nascuntur
1249 4586 1314 4626 ex
1338 4571 1634 4629 ,Abraham
1653 4610 1667 4635 ,
1723 4570 1816 4623 ﬁlii
1847 4596 1902 4657 Β
1923 4562 2336 4617 CircumCiSiOHC
2357 4571 2413 4617 θι
2428 4565 2695 4633 Mamillio
2713 4581 2879 4619 unum
2898 4565 3105 4621 ῧῑηιίη
3127 4568 3366 4634 (Πινίθδον
3382 4571 3508 4639 (lilia

244 4665 514 4720 Abraham
563 4664 773 4717 dicendi
802 4671 950 4729 sunt,
982 4664 1036 4717 ni
1089 4664 1248 4718 ﬁdem
1284 4672 1341 4717 et
1378 4678 1541 4733 opera
1586 4665 1822 4718 habeant
1848 4653 1887 4657 ”
1922 4663 1977 4709 cl
2003 4653 2278 4709 Abraham
2323 4656 2378 4709 in
2403 4656 2668 4726 prmputio
2706 4658 2939 4715 credidit
2964 4667 3019 4713 et
3048 4658 3379 4737 justiﬁcatus
3404 4672 3506 4717 est.

248 4755 490 4809 Abrahae.
532 4752 660 4807 Inde
689 4753 921 4821 denique
941 4762 1005 4807 et'
1016 4753 1275 4809 Dominus
1298 4754 1350 4808 in
1373 4753 1665 4823 Evangelia
1689 4754 1823 4808 dicit
1995 4746 2100 4811 Qui
2120 4746 2341 4814 viviﬁcal
2362 4758 2619 4813 ηίοηιιοε,
2641 4759 2689 4802 et
2711 4759 2857 4804 uocat
2879 4767 2940 4803 ea
2966 4767 3083 4821 qum
3105 4768 3209 4806 non
3228 4763 3370 4817 sunt,
3393 4763 3510 4808 tan-

250 4847 314 4900 ad
341 4843 552 4898 Judazos
591 4845 682 4914 qui
710 4860 769 4898 se
794 4843 1075 4909 jactabant
1100 4845 1237 4899 ﬁlios
1262 4861 1381 4900 esse
1419 4845 1690 4899 Abraham
1719 4863 1731 4898 :
1760 4844 1818 4900 Si
1922 4854 2078 4909 quam
2100 4856 2161 4892 ea
2184 4856 2301 4910 quae
2319 4850 2459 4894 sunt.
2477 4840 2680 4910 (Δηὼ.)
2709 4841 2821 4896 Hoc
2849 4843 2993 4898 dicto
3009 4844 3077 4898 ad
3099 4845 3257 4899 ﬁdem
3275 4846 3507 4902 Abrahae

253 4935 343 4990 ﬁlii
370 4934 641 5015 Abraham
665 4934 880 4999 essetis,
913 4950 1076 5005 Opera
1106 4936 1290 5005 utique
1311 4936 1543 4992 Abrabze
1570 4935 1821 4991 faceretis
1923 4931 2476 5001 gentesim'ital;quia
2499 4947 2621 4987 cum
2637 4943 2782 4988 esset
2798 4935 2851 4988 in
2864 4936 3506 5005 praeputiocredensDeo,

256 5028 427 5101 (Joan.
455 5026 592 5097 vni).
618 5022 714 5080 Vis
744 5034 925 5080 autem
952 5034 1005 5080 et
1031 5042 1095 5083 ex
1118 5026 1287 5081 veteri
1317 5026 1601 5098 Scriptura
1632 5028 1823 5097 perdo-
1924 5024 2075 5093 cujus
2100 5039 2240 5078 nunc
2261 5025 2393 5079 ﬁdes
2413 5025 2738 5095 praedicatur
2760 5028 2813 5081 in
2833 5027 3069 5092 Christo,
3080 5026 3406 5095 justiﬁcatus
3424 5040 3508 5085 est

259 5120 363 5175 ceri
398 5119 536 5188 quod
561 5106 708 5172 'ﬁlius
732 5117 857 5188 quis
883 5117 1083 5172 dicitur
1110 5133 1217 5173 non
1264 5128 1442 5174 tamen
1484 5109 1601 5189 ejus
1629 5118 1696 5173 de
1722 5133 1822 5173 cu-
1926 5130 2045 5169 cum
2063 5130 2159 5169 sua
2180 5114 2427 5186 conjuge.
2444 5116 2577 5172 Cum
2599 5126 2783 5174 essent
2794 5119 2938 5172 enim
2956 5118 3199 5174 obsoleta
3221 5129 3402 5186 aetate,
3420 5137 3507 5178 se-

254 5212 340 5281 jus
376 5210 577 5264 ‘carnali
622 5210 830 5265 semine
875 5210 1171 5274 descendit,
1213 5211 1306 5264 sed
1346 5211 1462 5279 ejus
1489 5210 1643 5279 cujus
1670 5219 1824 5265 actus
1925 5208 2105 5264 niores
2136 5210 2494 5273 reviruerunt,
2523 5211 2596 5265 ita
2619 5218 2679 5266 ut
2698 5226 2805 5265 non
2829 5210 3096 5267 diiider‘et
3116 5213 3426 5269 habiturum
3447 5229 3507 5270 se

263 5302 491 5356 imitatur
532 5309 586 5356 et
613 5318 777 5371 opera
798 5302 821 5355 ?
844 5302 983 5357 Audi
1016 5301 1202 5356 Daniel
1234 5303 1361 5372 quid
1390 5304 1535 5357 dicat
1561 5304 1628 5357 ad
1658 5319 1823 5357 unum
1924 5310 1991 5352 ex
2018 5298 2153 5353 Sara
2182 5300 2370 5365 lilium,
2402 5317 2563 5371 quam
2586 5304 2822 5359 sterilem
2852 5304 3076 5371 sciebat,
3102 5314 3157 5361 et
3184 5306 3236 5360 in
3260 5320 3363 5375 qua
3394 5306 3507 5376 jam

266 5408 330 5447 ex
357 5391 454 5445 illis
475 5394 801 5459 senioribus,
828 5410 964 5463 quos
994 5394 1173 5466 arguit
1200 5394 1266 5449 de
1291 5394 1577 5449 adulterio:
1605 5384 1822 5462 Semen,
1926 5389 2100 5446 ilUX'US
2150 5392 2428 5447 mUlielJl‘iS
2458 5402 2665 5447 natura!
2693 5392 2999 5459 ἀθίεοθνάῑῖ
3026 5404 3086 5448 ιη
3112 5408 3211 5466 ιισι·
3246 5402 3359 5452 θ)ωο
3402 5412 3509 5453 non

268 5483 450 5553 inquit,
478 5480 737 5536 Chanaan
766 5491 820 5538 et
866 5500 971 5537 non
1012 5483 1172 5550 Juda,
1224 5486 1431 5555 species
1474 5486 1687 5539 seduxit
1738 5495 1823 5551 te,
1926 5494 2114 5537 curent
2134 5499 2309 5553 neque
2337 5486 2403 5539 de
2428 5486 2708 5555 prmputio,
2752 5502 2928 5556 neque
2962 5487 3040 5541 de
3066 5489 3508 5555 circumcisione,

271 5572 690 5641 concupiscentia
734 5575 930 5629 evertit
963 5590 1059 5630 cor
1085 5584 1235 5630 tuum
1283 5575 1443 5648 (Dan.
1472 5577 1618 5648 xm).
1660 5575 1825 5633 Vides
1924 5587 1979 5633 et
2002 5579 2146 5648 rupti
2174 5578 2451 5651 [prompti]
2480 5580 2589 5635 sint
2612 5581 2755 5635 circa
2771 5580 2970 5634 ﬁdem:
3004 5582 3177 5637 securi
3226 5584 3510 5651 quia'cre—

271 5678 385 5720 eum
409 5663 491 5732 qui
518 5663 812 5719 carnaliter
837 5664 903 5719 de
942 5679 1139 5735 genere
1176 5666 1312 5722 Juda
1342 5669 1691 5723 descenderet
1732 5681 1826 5725 ue-
1927 5670 2060 5724 dunt
2118 5670 2170 5723 ei
2229 5670 2321 5739 qui
2375 5670 2614 5725 viviﬁcat
2684 5680 2962 5739 mortuos,
3013 5688 3114 5729 nec
3167 5675 3329 5728 alium
3387 5686 3507 5727 esse

278 5754 379 5826 gari
414 5752 574 5809 lilium
617 5770 735 5809 esse
774 5754 929 5820 Juda,
967 5756 1060 5809 sed
1112 5756 1371 5813 Chanaan
1396 5773 1410 5811 :
1436 5757 1552 5827 ejus
1594 5759 1822 5824 scilicet,
1926 5761 2015 5829 qui
2049 5761 2189 5815 hanc
2208 5760 2412 5816 habeat
2466 5769 2785 5830 potestatem
2815 5781 2828 5817 :
2854 5772 2917 5819 et
2950 5778 3071 5819 cum
3114 5763 3341 5817 uoluerit
3388 5778 3508 5818 esse

280 5845 417 5919 cujus
437 5856 582 5904 actus
610 5858 664 5905 et
691 5862 853 5917 opera
893 5848 1238 5918 sequebatur.
1278 5848 1357 5905 Ita
1383 5864 1511 5922 ergo
1536 5860 1590 5906 et
1616 5852 1669 5906 hi
1696 5851 1821 5915 quia
1927 5852 2199 5921 quodnon
2221 5860 2371 5919 sunt,
2393 5854 2575 5909 statim
2602 5854 2720 5925 ejus
2740 5855 3017 5911 vobuutate
3038 5854 3353 5909 consistant.
3382 5854 3507 5910 Ideo
