4056 6336
483 331 624 419 an
1014 319 1022 324 ’
1125 335 1186 413 i3.
1227 332 1483 412 unum
1518 351 1738 410 unum
1774 325 2098 408 sucinae;
2139 325 2451 406 uocum.
2492 345 2780 404 OPERUM
2815 303 2998 404 eius
3031 316 3171 440 tu."
3282 417 3288 440 ς
3365 423 3368 431 ι
3660 343 3920 404 4:359
4019 293 4021 416 ι

476 456 750 536 Abraham
777 486 900 532 cum
924 481 1080 545 pater
1109 462 1288 529 adhuc
1341 487 1451 528 non
1489 477 1650 535 esset,
1707 475 1934 526 vocatus
1985 473 2070 524 est
2094 467 2148 530 Α
2171 467 2298 538 quia
2332 483 2436 521 non
2465 464 2619 522 multi
2645 467 2902 539 sapientes
2924 467 3064 521 inter
3091 482 3181 521 vos
3209 467 3502 534 secundum
3549 483 3930 531 carne-3,

477 578 636 642 pater
662 544 956 623 multarum
977 563 1240 638 gentium,
1265 569 1322 618 et
1347 544 1578 619 credidit
1604 575 1826 618 securus
1861 559 1929 615 de
1969 557 2070 614 Dei
2171 573 2278 612 non
2303 556 2458 629 multi
2483 566 2737 628 potentes,
2771 574 2876 638 non
2904 555 3060 636 multi
3093 556 3313 626 nobiles,
3341 559 3432 614 sed
3453 575 3588 630 quia
3641 557 3922 616 stulta

477 659 737 736 potentia.
763 655 836 715 Ut
861 663 1046 712 autem
1073 664 1230 727 pater
1257 644 1456 710 Christi
1479 652 1620 708 idem
1648 667 1771 708 esse
1788 650 1930 707 Deus
1951 660 2076 734 ore:
2171 661 2292 706 sunt
2315 650 2502 705 mundi
2532 649 2684 723 elegit
2711 649 2878 718 Deus,
2909 659 2965 706 ut
2996 651 3289 721 confundat
3334 654 3744 724 sapientiam,
3833 657 3914 708 et

479 735 718 818 deretur,
733 747 824 807 cui
837 735 1067 805 credidit
1086 746 1386 812 Abraham,
1407 743 1516 800 tale
1537 742 1749 814 signum
1781 741 1967 796 datum
1988 747 2073 796 est
2171 741 2384 812 inﬁrma
2408 741 2592 797 mundi
2619 741 2770 814 elegit
2793 741 2958 810 Deus,
2987 752 3081 832 ut0
3075 741 3370 818 confundat
3397 743 3595 814 fortia.
3655 743 3910 800 Sicut

477 823 536 902 in
576 843 844 902 Zacharia
875 851 932 899 et
959 839 1244 897 Elizabeth
1299 835 1459 912 (Luc.
1489 837 1561 910 ι),
1613 852 1735 892 cum
1782 835 2072 906 promissio
2175 849 2308 908 ergo
2339 834 2507 892 stulta
2538 833 2723 890 mundi
2749 834 2981 914 elegisse
3003 823 3134 891 dicit
3159 833 3356 904 Deum,
3385 835 3490 892 hoc
3509 845 3640 901 est,
3666 834 3904 892 Gen-—

477 936 727 992 redditur
747 935 804 990 in
825 933 1049 1000 mundo,
1075 931 1392 986 imminente
1421 929 1659 995 Christo,
1697 929 1856 999 quale
1885 921 2080 984 datum
2178 935 2281 992 tes,
2305 935 2367 982 ut
2393 925 2748 983 confunderet
2791 926 3138 998 sapientiam,
3183 926 3300 1004 sine
3351 927 3520 984 dubio
3547 927 3894 994 Iudaeos,

479 1025 660 1086 fuerat
677 1027 734 1082 in
755 1013 1117 1081 Abraham'et
1151 1022 1308 1089 Sara,
1339 1021 1556 1092 quando
1586 1021 1797 1090 signata
1839 1018 2073 1091 promis-
2175 1026 2232 1074 et
2263 1017 2478 1072 inﬁrma
2512 1016 2721 1084 mundi,
2764 1025 2824 1072 ut
2851 1017 3210 1073 confunderet
3245 1017 3427 1073 fortia.
3469 1017 3706 1074 Eodem
3755 1034 3890 1072 or-

479 1117 702 1188 Sio'est;
727 1127 788 1174 ut
815 1103 990 1174 simili.
1019 1131 1216 1189 genere
1247 1122 1492 1172 emortua
1518 1129 1749 1186 corpora
1797 1120 2076 1168 senectute
2177 1111 2302 1167 dine
2331 1109 2387 1164 in
2414 1110 2520 1166 hoc
2543 1109 2664 1165 loco
2693 1108 2825 1164 dicit
2845 1117 2901 1164 et
2927 1109 2992 1164 de
3023 1109 3109 1176 his
3136 1125 3258 1180 qua:
3291 1125 3399 1166 non
3437 1120 3593 1176 sunt,
3643 1119 3726 1166 ut
3785 1125 3884 1164 ea

480 1203 806 1286 generarent
829 1218 1075 1268 sanctum
1103 1207 1385 1277 Joannem,
1420 1208 1560 1264 sicut
1585 1215 1748 1262 natus
1796 1205 1973 1266 fuerat
2023 1211 2078 1258 et
2179 1217 2300 1286 qua:
2323 1206 2450 1256 sunt
2478 1199 2740 1270 destruat,
2765 1207 2821 1254 et
2849 1214 2958 1254 non
2978 1214 3100 1255 esse
3133 1198 3357 1266 Gentes,
3419 1216 3549 1257 esse
3613 1211 3881 1258 autem

479 1295 652 1360 Isaae.
705 1301 928 1376 (θήρ.)
981 1301 1224 1358 Mortuos
1253 1299 1382 1358 hinc
1407 1299 1702 1356 secundum
1725 1297 1922 1353 animae
1945 1312 2074 1376 pec-
2178 1289 2392 1348 Iudaeos
2413 1291 2667 1358 ostendit,
2697 1291 2974 1360 idest,qui
2991 1289 3044 1346 in
3057 1291 3175 1362 lege
3188 1300 3367 1357 erant,
3381 1292 3474 1347 sed
3489 1291 3688 1364 legem
3705 1309 3874 1349 non

479 1383 661 1452 catum
683 1395 1052 1468 intelligimus,
1082 1376 1558 1466 quoniam‘anima',
1587 1390 1778 1463 inquit,
1812 1407 1930 1463 qua:
1953 1407 2076 1462 pec-
2183 1383 2483 1455 implebant
2509 1392 2570 1438 ut
2595 1384 3012 1472 destruereutur
3064 1391 3120 1439 et
3165 1385 3528 1458 induerentur
3569 1385 3658 1440 illi
3720 1386 3870 1456 qui

2183 1490 2292 1532 non
2315 1485 2472 1532 erant
2501 1475 2556 1530 in
2593 1473 2733 1547 lege,
2757 1483 2812 1530 et
2831 1473 3068 1530 Abrahae
3107 1473 3232 1530 ﬁdei
3270 1475 3622 1531 credulitatis
3686 1492 3816 1531 me
3835 1503 3866 1514 ο

481 1576 752 1650 corporali
783 1584 1010 1649 pereunt
1025 1590 1240 1642 sensus,
1269 1585 1330 1629 ut
1349 1588 1417 1629 ne
1442 1573 1566 1644 quis
1590 1571 1730 1627 ultra
1751 1586 1850 1643 per
1875 1584 2077 1642 corpus
2189 1569 2297 1625 rito
2314 1567 2698 1640 iungerentur.
2723 1565 2828 1634 Qui
2853 1576 3038 1622 contra
3057 1646 3062 1650 ι
3081 1584 3224 1639 spem
3269 1570 3325 1623 in
3350 1585 3495 1640 spem
3546 1572 3856 1625 credidit-

479 1666 662 1740 neque
695 1667 962 1734 auditum,
990 1680 1166 1734 neque
1191 1663 1436 1730 odorem,
1461 1669 1556 1716 aut
1583 1671 1798 1734 gustum
1828 1659 2074 1730 recipiat,
2183 1661 2393 1736 (Amb.)
2425 1660 2766 1716 Manifestum
2794 1669 2901 1725 est,
2929 1661 3059 1730 quia
3093 1676 3216 1716 cum
3245 1677 3394 1740 spem
3428 1679 3540 1718 non
3568 1663 3858 1718 habere:

479 1759 566 1817 vel
597 1754 823 1825 tactum,
852 1757 928 1813 ita
951 1765 1007 1812 et
1029 1757 1123 1826 qui
1153 1755 1424 1826 spiritales
1452 1769 1643 1810 sensus
1668 1753 1721 1808 in
1743 1747 1924 1808 anima
1954 1766 2078 1822 per—
2133 1804 2148 1817 ,
2183 1751 2474 1826 generandi
2495 1751 2795 1816 Abraham,
2825 1750 3058 1820 credidit
3081 1751 3211 1816 Deo,
3241 1751 3401 1808 ﬁdem
3427 1753 3649 1810 habens
3675 1771 3852 1810 cou-

481 1853 706 1919 diderit,
737 1860 799 1907 ut
825 1865 932 1906 non
963 1850 1148 1906 videat
1167 1848 1360 1914 Deum,
1398 1861 1576 1917 neque
1620 1845 1802 1900 audiat
1852 1844 2076 1901 verbum
2105 1831 2152 1894 Β
2180 1853 2263 1900 tra
2285 1859 2436 1916 spem
2478 1857 2745 1914 generare
2775 1858 2856 1908 se,
2883 1842 2978 1899 sed
3006 1843 3183 1900 sciens
3209 1844 3390 1904 omnia
3413 1861 3580 1915 posse
3603 1846 3840 1902 Deum.

393 1964 398 1968 η
483 1933 703 2002 Domini
733 1941 852 2010 Dei,
879 1955 1054 2012 neque
1096 1955 1315 1996 suavem
1369 1938 1592 1994 odorem
1633 1937 1811 2008 capiat
1851 1935 2076 2002 Christi,
2250 1933 2320 1990 Ut
2369 1934 2516 2006 ﬁeret
2560 1942 2712 2004 pater
2758 1931 3048 1988 multarunt
3096 1935 3350 2004 gentium,
3397 1936 3708 1990 secundum
3760 1937 3840 1990 id

485 2051 664 2106 neque
695 2042 874 2107 gustet
901 2035 1102 2090 bonum
1124 2032 1220 2087 Dei
1247 2031 1492 2107 verbum,
1527 2044 1703 2099 neque
1743 2044 1935 2084 manus
1963 2027 2080 2098 ejus
2177 2023 2319 2099 quod
2349 2024 2547 2079 dictum
2574 2033 2649 2078 est
2674 2037 2694 2075 .°
2711 2021 2801 2079 Sic
2826 2024 2925 2077 erit
2947 2039 3122 2078 semen
3147 2032 3315 2080 tuum.
3344 2023 3460 2080 Hoc
3482 2026 3535 2080 in
3559 2025 3788 2083 Genesi
3807 2045 3832 2083 :

488 2105 827 2201 pertractent
856 2124 924 2180 de
954 2125 1122 2180 verbo
1151 2105 1630 2191 vitae,'hujusmodi
1664 2119 1914 2174 homines
1964 2131 2078 2173 me-
2181 2117 2472 2177 ostendens
2501 2115 2646 2173 enim
2667 2113 2746 2172 illi
2785 2113 2970 2174 stellas
2995 2113 3143 2185 cmli,
3193 2116 3332 2178 dixit
3359 2134 3374 2170 :
3406 2115 3499 2173 Sic
3551 2120 3664 2172 erit
3724 2137 3828 2173 se-

487 2221 596 2280 rito
623 2219 820 2280 mortui
839 2206 1205 2293 appellantur.
1235 2213 1395 2274 Tales
1423 2214 1633 2274 invenit
1670 2228 1770 2272 nos
1815 2209 2080 2269 adventus
2183 2229 2302 2268 men
2341 2225 2488 2269 tuum
2518 2229 2537 2266 :
2569 2217 2714 2286 quod
2763 2217 2990 2272 credens
3027 2215 3356 2286 justiﬁcatus
3407 2224 3514 2272 est.
3547 2213 3827 2273 Credidit

489 2309 712 2377 Christi,
748 2310 845 2368 sed
871 2309 1174 2366 ‘viviﬁcavit
1197 2324 1296 2381 per
1319 2295 1556 2382 gratiam
1599 2321 1786 2370 suam;
1839 2305 1980 2360 sicut
2027 2305 2082 2358 et
2181 2303 2324 2359 enim
2353 2305 2497 2375 quod
2515 2307 2715 2362 mundo
2743 2306 3078 2376 impossibile
3100 2307 3338 2374 videtur,
3369 2308 3500 2362 dum
3525 2308 3583 2362 in
3613 2325 3821 2366 rerum

489 2400 620 2460 alibi
654 2401 790 2458 dicit
816 2395 967 2458 idem
991 2385 1280 2472 Apostolus
1313 2418 1326 2454 :
1359 2397 1430 2453 Et
1461 2414 1554 2454 nos
1582 2413 1704 2452 cum
1729 2397 1922 2450 mortui
1950 2411 2082 2450 esse-
2181 2405 2432 2450 naturam
2459 2413 2569 2453 non
2599 2398 2764 2464 cadit,
2813 2406 2874 2453 ut
2915 2399 3126 2470 possint
3174 2414 3336 2458 senes
3391 2415 3696 2471 generare,
3750 2413 3816 2459 et

490 2509 608 2550 mus
630 2493 834 2550 delictis
852 2502 902 2548 et
923 2494 1150 2564 peccatis
1183 2489 1402 2558 nostris,
1429 2488 1588 2546 simul
1615 2482 1736 2544 cum
1781 2487 1872 2542 illo
1902 2503 2081 2542 resus-
2183 2492 2334 2541 tanta
2363 2489 2518 2560 copia
2547 2487 2892 2558 multiplicari
2929 2504 3113 2544 semen
3159 2507 3349 2548 eorum
3402 2501 3462 2546 ut
3505 2495 3811 2566 numerari

491 2585 668 2642 citavit
688 2600 783 2640 nos
813 2578 988 2656 (Eph.
1015 2583 1106 2655 ιι).
1139 2581 1248 2639 Sed
1271 2575 1496 2654 etquod
1521 2581 1579 2636 in
1622 2578 2083 2648 consequentibus
2183 2593 2291 2634 non
2318 2577 2509 2648 possit.
2565 2578 2795 2651 ideoque
2827 2580 3064 2650 pretiosa
3087 2589 3170 2636 est
3208 2582 3365 2648 ﬁdes,
3419 2599 3542 2653 qua:
3596 2595 3808 2639 contra

489 2672 640 2742 dicit,
669 2682 726 2729 et
750 2683 901 2730 vocat
927 2690 1045 2746 qua:
1073 2691 1178 2729 non
1195 2682 1340 2739 sunt,
1372 2681 1624 2746 tanquam
1671 2685 1734 2724 ea
1771 2685 1888 2740 qua:
1937 2679 2080 2736 sunt,
2184 2669 2239 2725 id
2265 2671 2408 2742 quod
2441 2671 2546 2727 scit
2579 2681 2674 2726 aut
2700 2671 2850 2726 videt
2878 2672 3052 2728 credit
3082 2671 3324 2728 futurum
3351 2690 3365 2727 :
3392 2673 3492 2728 hac
3514 2690 3616 2744 spe
3669 2691 3813 2730 con—

491 2765 766 2838 quomodo
787 2745 1013 2838 intelligi
1037 2766 1253 2830 debeat,
1282 2745 1934 2832 videamus.Frequenter
1951 2767 2006 2815 et
2028 2759 2082 2816 in
2185 2759 2368 2818 solans
2389 2777 2472 2830 se,
2503 2760 2802 2835 qhiaDeus
2821 2771 2904 2819 est
2924 2765 3016 2834 qui
3035 2765 3324 2836 permittit,
3345 2765 3415 2820 de
3460 2782 3570 2836 quo
3595 2767 3809 2846 sentiri

491 2857 614 2914 aliis
636 2850 1164 2929 exposuimus'quod
1188 2855 1332 2912 Deus
1354 2854 1501 2911 solus
1521 2861 1640 2916 est,
1659 2851 1751 2923 qui
1772 2853 1906 2908 dicit
1930 2867 1944 2906 :
1968 2850 2084 2922 Ego
2183 2857 2307 2932 plus
2332 2867 2534 2930 potest,
2561 2873 2728 2930 quam
2758 2859 2994 2915 hum‘ana
3020 2859 3365 2939 imbecillitas
3388 2862 3553 2932 capit.
3575 2925 3578 2930 _

493 2968 630 3018 sum,
660 2950 751 3022 qui
769 2963 886 3004 sum
909 2962 930 3001 :
955 2958 1012 3004 et
1041 2961 1152 3003 una
1203 2955 1287 3004 est
1328 2945 1418 3001 illa
1461 2945 1560 3002 Dei
1609 2943 1934 3012 substantia,
1965 2955 2086 3013 quae
2260 2951 2329 3006 Et
2376 2969 2486 3032 non
2523 2951 2822 3022 inﬁrmatus
2849 2963 2924 3008 est
2965 2953 3210 3024 ﬁde,.nec
3231 2954 3810 3028 considera-niteant“

495 3057 711 3112 semper
739 3049 823 3097 est
849 3059 862 3096 :
895 3039 982 3096 cui
1001 3041 1051 3096 si
1081 3040 1204 3110 quis
1226 3055 1286 3096 se
1313 3037 1640 3115 adiunxerit,
1664 3053 1806 3094 unus
1847 3036 1914 3092 'ﬁt
1961 3049 2085 3092 cum
2188 3041 2681 3110 suum'emortuum,
2713 3059 2832 3096 cum
2843 3044 2964 3115 jam
2989 3043 3099 3113 fere
3129 3051 3335 3106 centum
3351 3056 3482 3100 esset
3501 3063 3806 3114 annorum,

494 3145 561 3186 eo
587 3131 828 3202 spiritus,
851 3137 906 3184 et
921 3143 1022 3198 per
1045 3126 1197 3182 illum
1233 3124 1338 3199 qui.
1368 3112 1583 3198 semper
1629 3136 1734 3194 est,
1770 3129 1936 3184 etiam
1967 3128 2084 3197 ipse
2131 3160 2138 3164 ·
2188 3145 2237 3190 et
2263 3119 2557 3190 emortuam
2590 3133 2801 3190 vulvam
2841 3135 3025 3203 Saraz;
3061 3137 3117 3194 in
3168 3140 3568 3210 repromissione
3613 3153 3811 3212 autem

494 3207 617 3258 :omm
647 3219 862 3258 dioniiu-
919 3219 1022 3258 Πιιί
1049 3231 1183 3258 suam
1203 3217 1364 3258 Inimp
1384 3226 1467 3258 nat
1495 3219 1564 3258 nh
1601 3233 1667 3258 an
1735 3217 2080 3258 nariininin-_
2111 3165 2157 3258 ό
2193 3209 2288 3258 ’Πηὶ
2317 3242 2418 3258 κη..
2444 3225 2699 3258 Iul-unm.“
2724 3227 3011 3258 ΑειεΑηκιὶη
3088 3215 3176 3258 ληιι
3231 3231 3571 3258 ,Ληιωηηηη
3621 3241 3702 3258 --ι
3751 3234 3806 3258 ι..

481 3207 617 3276 ‘esse
647 3219 880 3276 dicetur.
919 3219 1023 3286 Qui
1049 3231 1183 3274 vero
1203 3217 1364 3289 longe
1384 3226 1469 3274 est
1495 3219 1564 3274 ab
1601 3233 1690 3286 eo,
1735 3217 2083 3288 participium.
2111 3207 2157 3258 υ
2191 3209 2288 3281 Dei
2317 3242 2420 3280 non
2440 3225 2699 3281 htesitavit
2722 3227 3033 3300 difﬁdentia,
3085 3215 3176 3284 sed
3220 3207 3571 3302 conﬁrmatus
3616 3207 3702 3286 est
3749 3234 3810 3286 in

493 3312 616 3382 ejus
659 3311 848 3377 sumit,
879 3325 948 3365 ne
997 3323 1118 3366 esse
1136 3319 1144 3330 '
1165 3307 1387 3380 quidem
1433 3307 1655 3374 dicitur,
1683 3307 1824 3364 sicut
1868 3323 2088 3364 eramus
2189 3313 2295 3385 ﬁde
2319 3314 2496 3370 dando
2524 3312 2749 3388 gloriam
2775 3317 2908 3384 Deo,
2935 3328 3134 3374 certum
3160 3320 3380 3386 habens,
3402 3323 3526 3392 quia
3543 3322 3641 3392 qui
3663 3340 3804 3392 pro-

487 3410 602 3462 'nos
619 3413 810 3477 gentes
845 3403 1162 3475 priusquam
1189 3401 1256 3458 ad
1279 3399 1608 3474 agnitionem
1633 3399 1880 3456 veritatis
1893 3399 2091 3456 divina
2190 3406 2333 3460 misit
2351 3416 2533 3478 potens
2562 3417 2638 3462 est
2658 3417 2707 3462 et
2740 3407 2957 3464 reddere
2983 3421 3002 3460 :
3033 3409 3250 3482 ideoque
3276 3422 3574 3483 reputatum
3598 3425 3678 3468 est
3721 3417 3806 3470 illi

499 3493 850 3552 veniremus:
885 3503 942 3550 et
968 3493 1324 3550 ideo'dicitur
1348 3493 1495 3550 Deus
1521 3507 1717 3548 vocare
1743 3510 1805 3548 ea
1830 3509 1946 3564 qua:
1984 3507 2090 3547 non
2192 3498 2262 3551 ad
2282 3497 2576 3568 justitiam.
2610 3497 2818 3573 (Aug.)
2853 3497 3007 3568 Quod
3031 3510 3212 3557 autem
3262 3503 3339 3558 ait
3365 3503 3432 3560 de
3470 3505 3802 3562 Abraham:

495 3594 644 3652 'sunt,
673 3595 923 3657 tanquam
945 3599 1064 3656 quae
1083 3594 1224 3640 sunt.
1276 3583 1421 3640 Inter
1445 3597 1541 3639 eos
1567 3583 1712 3638 enim
1751 3583 1844 3653 qui
1868 3589 2012 3648 sunt,
2034 3579 2092 3637 id
2192 3589 2340 3645 Dans
2360 3591 2586 3662 gloriam
2615 3591 2744 3660 Deo,
2773 3592 3036 3650 adversus
3077 3593 3198 3650 illos
3244 3595 3486 3666 positum
3541 3607 3650 3664 est,
3701 3599 3804 3670 qui

489 3683 605 3742 est,
631 3674 726 3745 qui
757 3675 1242 3746 participationem
1265 3673 1470 3730 habent
1493 3671 1613 3742 ejus
1641 3673 1735 3744 qui
1775 3681 1880 3740 est,
1910 3673 2092 3728 Abra-
2193 3680 2422 3753 gloriam
2468 3697 2621 3736 suam
2661 3684 2728 3738 de
2763 3683 3017 3753 operibus
3065 3685 3198 3756 legis
3243 3702 3428 3742 atram
3479 3689 3804 3746 hominibus

499 3766 652 3833 ham,
681 3765 832 3823 Isaac
857 3773 915 3822 et
948 3763 1134 3831 Iacob,
1162 3773 1219 3820 et
1250 3765 1448 3821 caeteri
1496 3763 1674 3820 sancti
1713 3773 2089 3819 numerantur.

2203 3771 2526 3842 quaerebant.
2545 3769 2766 3844 (Δηώ.)
2789 3771 2914 3858 Hoc
2929 3775 3087 3830 laude
3107 3776 3326 3847 dignum
3350 3780 3608 3849 praedicat
3621 3782 3805 3838 Abra-

497 3856 660 3925 Quod
689 3857 737 3912 si
761 3853 966 3912 Gentes
993 3855 1262 3912 credendo
1305 3855 1362 3909 in
1389 3855 1555 3912 ﬁdem
1577 3853 1802 3910 veniunt
1837 3853 2090 3922 Abrahae,
2195 3859 2488 3932 ham,quia
2503 3879 2624 3918 cum
2639 3853 3000 3921 sesciretnon
3016 3883 3200 3938 posse,
3233 3869 3606 3928 inﬁrmitatem
3636 3890 3798 3930 suam

503 3950 900 4020 consequenter
922 3949 1239 4019 pronuntiat
1262 3945 1550 4018 Apostolus
1577 3945 1721 4016 quod
1744 3945 1888 4002 Deus
1911 3961 2092 4040 _voca-
2196 3953 2303 4009 ﬁde
2323 3953 2580 4024 ﬁrmavit,
2599 3949 2666 4011 ‘ut
2691 3953 2944 4015 crederet
2973 3975 3031 4015 se
3069 3976 3231 4032 posse
3257 3978 3358 4036 per
3389 3963 3600 4040 .Deum,
3647 3968 3798 4037 quod

503 4039 646 4096 verit
677 4053 740 4096 ea
787 4055 910 4111 quae
949 4053 1060 4095 non
1103 4049 1231 4094 sunt
1273 4045 1533 4109 tanquam
1573 4051 1694 4108 quae
1733 4045 1878 4126 sunt.
1911 4035 2098 4093 Potest

2203 4046 2362 4104 sciret
2389 4045 2508 4104 ﬁeri
2537 4065 2636 4120 per
2655 4052 2840 4106 mundi
2869 4053 3088 4108 decreta
3119 4071 3224 4111 non
3239 4035 3419 4126 posse.
3449 4057 3625 4130 Magni
3647 4035 3794 4114 enim

509 4139 690 4186 tamen
717 4131 885 4186 etiam
911 4129 1041 4186 illud
1065 4130 1292 4195 adverti,
1324 4137 1388 4184 ut
1408 4130 1464 4183 in
1482 4129 1586 4184 hoc
1607 4128 1728 4185 loco
1753 4121 1884 4200 erga
1909 4127 2097 4217 laudes
2196 4139 2494 4196 mel-mes;
2517 4142 2658 4212 apud
2691 4139 2883 4210 nam“
2920 4145 3011 4217 qui
3068 4121 3261 4202 οοιηηξ
3307 4121 3590 4204 δείεηιίθζη
3637 4163 3794 4206 suam

471 4295 476 4305 '
511 4224 610 4279 Dei
625 4223 913 4292 apostolus
938 4223 1103 4278 latius
1127 4221 1376 4278 videatur
1398 4220 1622 4287 eﬁusus,
1656 4228 1710 4277 et
1733 4221 1948 4276 initium
1980 4210 2096 4291 pri-
2197 4225 2310 4284 Deo
2335 4210 2596 4310 credidit,
2611 4247 2719 4289 non
2743 4210 2996 4291 dubitans
3010 4221 3170 4318 posse
3189 4239 3364 4318 illum,
3381 4251 3441 4296 ut
3455 4253 3580 4313 pote
3599 4241 3790 4307 Deum,

499 4333 613 4374 mae
650 4316 1056 4385 ejus‘ereaturae
1075 4331 1200 4373 cum
1223 4315 1580 4372 admiratione
1605 4331 1958 4382 memorasse,
1975 4329 2098 4372 cum
2199 4321 2343 4390 quod
2367 4321 2470 4377 scit
2520 4323 2814 4400 secundum
2831 4315 3024 4406 :muiidi
3051 4313 3318 4390 rationem
3337 4313 3458 4388 ﬁeri
3483 4349 3590 4390 non
3611 4349 3789 4406 posse.

510 4415 580 4460 ex
609 4405 776 4460 nihilo
794 4412 915 4460 esse
943 4405 1068 4461 fecit
1087 4405 1376 4472 universa,
1399 4414 1456 4462 et
1488 4423 1551 4462 ea
1603 4399 1724 4478 quae
1771 4423 1879 4463 non
1919 4415 2126 4476 erant,
2200 4411 2306 4466 Pro
2329 4421 2481 4468 certo
2508 4415 2652 4469 enim
2683 4399 2848 4473 habet
2897 4403 3067 4496 Deum
3118 4421 3259 4496 ultra
3309 4424 3570 4480 rationem
3607 4399 3790 4480 mundi

511 4494 714 4550 virtute
733 4497 992 4567 potentiae
1011 4509 1124 4554 suae
1141 4505 1402 4568 tanquam
1429 4509 1550 4570 quae
1567 4511 1768 4568 essent,
1824 4508 1880 4557 et
1918 4500 2097 4557 subsi-
2127 4528 2182 4590 Ἀ
2209 4519 2332 4562 esse
2365 4521 2380 4561 :
2413 4523 2573 4563 nemo
2603 4509 2748 4586 enim
2779 4492 2922 4566 intra
2957 4499 3030 4578 id
3057 4492 3180 4570 esse
3219 4497 3476 4572 dicendus
3529 4497 3612 4579 (at
3649 4519 3792 4590 quod

514 4597 724 4646 sterent
757 4593 1037 4648 evocavit:
1065 4602 1124 4650 et
1170 4594 1247 4650 ita
1276 4594 1327 4649 ei
1361 4595 1418 4650 in
1460 4597 1696 4652 creando
1747 4596 1883 4652 nihil
1937 4560 2182 4653 fuisseD
2208 4595 2432 4663 creavit,
2487 4596 2606 4654 ideo
2630 4580 2639 4603 ⁷
2663 4598 2971 4669 hujusmodi
3025 4575 3457 4687 remunerandus
3499 4618 3582 4664 est
3608 4560 3786 4673 abeo,

513 4683 755 4752 diﬁcile,
779 4695 840 4740 ut
864 4701 989 4742 cum
1013 4686 1148 4742 nihil
1169 4688 1451 4755 existeret,
1482 4690 1663 4744 omnia
1688 4692 1868 4746 subito
1914 4697 2104 4746 vocata
2209 4687 2304 4758 qui
2329 4690 2540 4744 auctori
2573 4705 2672 4744 suo
2693 4681 2811 4762 plus
2842 4693 3050 4761 tribuit,
3073 4710 3234 4766 quam
3289 4681 3404 4783 ipse
3449 4699 3607 4783 sapit.
3641 4698 3789 4766 Quod

495 4779 589 4834 rita
620 4777 898 4834 aﬁ'uissent
921 4788 1178 4852 tanquam
1223 4792 1342 4852 quae
1369 4796 1582 4854 semper
1603 4784 1928 4840 exstiterint.
1952 4784 2104 4853 Quod
2210 4779 2428 4850 quidem
2462 4777 2662 4836 ηυηίυε
2689 4783 2851 4851 melii
2884 4791 3066 4868 esset.
3113 4787 3160 4842 si
3202 4777 3393 4847 omnes
3434 4777 3588 4864 aequa
3630 4789 3790 4845 senti—

502 4871 560 4926 ‘si
588 4871 711 4940 quis
736 4871 892 4926 nobis
913 4871 1133 4941 objiciat
1159 4873 1308 4928 illum
1329 4873 1570 4948 Aposwli
1595 4888 1923 4944 sermonem,
1947 4895 2104 4948 quem
2207 4875 2352 4935 Υυηῑν
2385 4868 2480 4925 sed
2503 4871 2794 4962 mimorum
2847 4868 3143 4958 difﬁdentia
3201 4882 3613 4964 commendatur
3661 4880 3789 4938 ﬁdes

501 4962 586 5016 ‘ad
615 4961 928 5018 Corinthios
967 4963 1159 5019 scribit
1207 4964 1303 5020 ubi
1341 4965 1492 5032 dicit,
1543 4968 1667 5037 quia
1699 4970 2106 5041 contemptibilia
2212 4959 2546 5015 credentium
2575 4959 2944 5033 θριιίῖθθυπηέ
2987 4962 3254 5049 Ηρηειιιι·
3311 4986 3440 5044 θτεο
3469 4959 3685 5028 cemes
3725 4972 3788 5028 ad

4019 441 4021 586 Ὺ

481 1494 591 1554 eat,
617 1477 870 1540 morietur
895 1483 1128 1558 (Ezech.
1155 1482 1347 1554 xvm).
1407 1479 1562 1538 Sicut
1609 1481 1756 1536 enim
1801 1479 1857 1534 in
1904 1487 2078 1536 morte

499 5055 704 5109 ‘mundi
719 5055 882 5126 "elegit
911 5052 1068 5122 Deus,
1091 5071 1212 5128 qute
1237 5071 1342 5112 non
1365 5065 1510 5144 sunt,
1539 5050 1684 5113 ut'ea
1705 5077 1822 5131 qua:
1856 5057 1988 5116 sunt
2021 5065 2106 5119 de-

516 5152 709 5210 struat,
739 5151 796 5198 ut
821 5161 926 5199 non
951 5145 1203 5216 glorietur
1222 5148 1390 5200 omnis
1419 5163 1544 5201 caro
1565 5163 1743 5202 coram
1767 5149 1872 5204 Deo
1896 5149 1960 5221 (Ι
1980 5147 2104 5206 Cor.

517 5249 538 5288 ι
559 5235 604 5316 ),
632 5243 688 5290 et
709 5235 857 5292 dicat
876 5233 1170 5292 secundum
1192 5239 1333 5293 hanc
1373 5237 1765 5307 expositionem
1793 5243 2104 5309 convenire,

2207 5053 2350 5110 hanc
2379 5053 2504 5110 ﬁdei
2530 5055 2864 5126 ﬁrmitatem,
2897 5065 2956 5114 ut
2980 5057 3074 5116 Dei
3107 5063 3523 5135 promissionem
3567 5076 3624 5122 et
3676 5081 3791 5138 gra-

2209 5147 2338 5202 tiam
2361 5147 2479 5204 sine
2504 5149 2681 5220 aliqua
2707 5140 3058 5223 ambiguitate
3073 5157 3395 5245 suscipiant,
3419 5147 3593 5214 securi
3618 5173 3793 5243 exem-

2207 5239 2296 5311 plo
2328 5238 2580 5308 Abrahae,
2617 5244 2741 5312 quia
2772 5244 2896 5300 inde
2925 5246 3165 5303 credenti
3192 5238 3316 5304 laus
3332 5251 3551 5317 crescit,
3583 5238 3794 5321 siquod

507 5329 582 5378 ‘ut
607 5324 819 5381 destrui
841 5327 1094 5383 dicantur
1111 5341 1234 5398 quae
1260 5335 1409 5393 sunt,
1437 5341 1560 5384 cum
1593 5343 1654 5384 ea
1681 5344 1800 5400 qua:
1833 5342 1938 5386 no"
1981 5343 2106 5389 Sunt
2207 5330 2522 5390 incredibile
2544 5345 2645 5403 est,
2675 5345 2730 5390 et
2758 5337 2958 5394 mundo
2986 5339 3213 5396 stultum
3238 5341 3471 5423 videtur,
3517 5345 3791 5410 credatur,

514 5415 691 5472 electa
713 5416 843 5484 sint,
870 5419 1110 5475 dicemus
1135 5421 1202 5475 ad
1226 5421 1361 5486 haec,
1393 5421 1519 5490 quia
1567 5421 1622 5475 in
1669 5421 1760 5476 illo
1814 5421 1933 5478 loco
1967 5424 2104 5482 alios
2209 5425 2338 5496 'quia
2387 5437 2592 5497 quanto
2641 5429 2974 5500 impossibile
3014 5417 3273 5504 putatur,
3325 5415 3488 5508 quod,
3519 5438 3792 5503 credatur,

520 5507 658 5565 dixit
684 5518 779 5564 eos
799 5507 895 5578 qui
928 5520 1074 5576 sunt,
1104 5518 1160 5566 et
1187 5510 1323 5566 alios
1349 5511 1404 5566 in
1427 5511 1531 5567 hoc
1556 5512 1738 5583 capite
1769 5514 1821 5569 in
1863 5513 2104 5586 Epistola
2210 5511 2362 5571 tanto
2388 5509 2560 5590 magis
2589 5517 2944 5578 honorabilia:
2980 5524 3086 5579 erit
3107 5526 3358 5603 credens,
3382 5537 3437 5582 et
3463 5516 3796 5585 vere'tamen

519 5601 587 5657 ad
637 5598 931 5660 Romanos.
964 5603 1273 5658 Declaravit
1296 5605 1438 5660 enim
1490 5606 1557 5661 ad
1603 5605 1933 5677 Corinthios,
1979 5611 2105 5681 quia
2211 5609 2434 5666 stultum
2470 5622 2614 5667 esset
2643 5615 2746 5670 hoc
2774 5616 3016 5685 credere,
3047 5606 3094 5674 si
3126 5598 3244 5676 sine
3265 5620 3376 5677 Deo
3419 5620 3540 5676 ﬁeri
3588 5622 3794 5678 dicere-

487 5755 498 5762 O
519 5692 585 5746 de
621 5691 710 5744 his
733 5691 960 5802 diceret,
984 5706 1122 5761 quos
1141 5706 1302 5762 supra
1339 5703 1772 5753 enumeraverat.
1794 5698 1940 5756 Dixit
1963 5703 2107 5758 enim
2213 5707 2320 5758 tur.
2345 5700 2411 5760 Et
2441 5705 2562 5762 ideo
2589 5715 2739 5762 tanto
2769 5707 3090 5768 laudabilior
3110 5723 3192 5768 est
3219 5713 3454 5798 Abrahae
3476 5715 3611 5802 ﬁdes
3639 5725 3798 5772 caete-

522 5782 792 5851 superius.
829 5779 1010 5837 Videte
1053 5783 1192 5839 enim
1233 5785 1550 5843 uacationem
1593 5795 1839 5845 vestram.
1893 5791 2106 5860 fratres,

2213 5809 2398 5850 rorum
2423 5795 2546 5862 ﬁdo,
2577 5800 2697 5867 quin
2729 5793 2886 5858 inullis
2911 5801 3188 5875 signorum
3225 5786 3484 5876 prodigiis
3510 5786 3797 5864 alti-acuta
