4056 6336
252 378 399 455 ιδεμ¹

791 366 1348 465 ENAnnArwNuu
1384 366 1463 449 IN.
1492 365 1646 447 EPP.
1673 361 1898 449 rsum
1934 361 2061 420 un.
2103 363 2166 421 ιι.
2205 393 2274 406 -
2310 323 2393 421 m‘
2419 363 2645 445 artsr.
2680 364 2974 459 Annon.

3406 362 3552 439 1562

255 490 569 571 [attracta]
598 497 700 546 est.
742 486 883 585 Qui/a
924 452 1117 541 autem‘
1136 484 1370 540 mundus
1408 490 1557 540 certa
1618 480 1738 553 lege
1793 486 1848 535 et
1955 478 2108 535 Unde
2138 481 2417 538 evidenter
2439 490 2672 557 apparet
2692 452 2814 538 esse
2842 489 3131 565 augmenta
3160 452 3549 571 quaedampro:

252 573 897 660 potestategubernatur
933 588 986 633 ct
1012 578 1217 647 regitur
1242 576 1401 632 modo
1445 573 1690 638 deﬁnito,
1750 573 1855 627 ho-

256 678 439 735 mines
477 681 657 730 autem
688 670 875 728 amore
906 670 1092 727 carnis
1121 670 1271 724 circa
1318 668 1586 723 rationem
1632 664 1859 733 studiosi

260 772 437 828 Deum
461 767 620 840 hujus
652 765 901 837 opiﬁcem
938 763 1311 834 neglexerunt,
1335 762 1496 825 Deus,
1530 768 1590 814 ut
1618 750 1869 815 errorem

264 862 528 925 auferret,
552 866 606 914 et
641 859 809 914 Deum
846 872 904 912 se
940 856 1182 911 omnium
1219 855 1636 917 demonstraret,
1658 851 1761 905 hoc
1803 863 1862 903 se

262 969 425 1026 posse
447 954 501 1007 et
521 950 712 1008 feeisse
736 950 1018 1023 pmdicari
1043 948 1230 1014 voluit,
1257 948 1399 1018 quod
1430 945 1632 1000 mundo
1654 943 1858 1013 impos-

265 1042 425 1105 sibile
445 1028 633 1115 eam
666 1046 759 1117 qui
790 1032 893 1100 hoc
939 1042 1248 1108 crederent,
1299 1040 1569 1095 damnatis
1627 1038 1713 1094 his
1770 1034 1862 1106 qui

268 1141 482 1195 ratione
537 1137 721 1193 mundi
768 1128 938 1191 inflati
992 1134 1159 1188 Deum
1223 1131 1596 1201 neglexerunt,
1646 1125 1865 1183 discreti

270 1231 610 1287 salvarentur
666 1228 761 1284 Dei
818 1224 1056 1283 dominio
1095 1218 1409 1293 mancipati.
1462 1217 1682 1293 (Θήρ.)
1749 1216 1861 1271 Me-

268 1321 380 1376 rito
409 1330 591 1376 autem
622 1326 677 1374 et
702 1308 853 1374 more
891 1298 995 1392 sibi
1037 1314 1194 1372 solito
1248 1314 1340 1369 ubi
1392 1312 1459 1369 de
1489 1310 1595 1366 ﬁde
1638 1315 1862 1374 tractat,

270 1410 566 1483 Apostolus
586 1410 861 1482 conjungit
885 1416 940 1463 et
964 1422 1137 1478 spem,
1167 1398 1495 1473 sciensjﬁdci
1543 1415 1694 1473 spem
1722 1400 1865 1454 inse-

270 1502 591 1574 parabiliter
613 1501 904 1565 cohaerere,
927 1502 1066 1554 sicut
1088 1507 1143 1553 et
1173 1498 1224 1571 in
1253 1494 1492 1567 Epistola
1519 1493 1585 1565 ad
1607 1493 1863 1550 Hebraeos

275 1596 421 1655 idem
447 1596 603 1649 docet
625 1594 836 1649 dicens:
861 1590 954 1647 Est
982 1601 1156 1646 autem
1178 1589 1308 1660 ﬁdes
1351 1589 1737 1661 sperandarum
1784 1604 1865 1642 re-

276 1705 397 1741 rum
419 1685 712 1739 substantia
733 1684 988 1739 indicium
1015 1699 1120 1737 non
1141 1680 1505 1752 apparentium
1533 1677 1730 1748 (Hebr.
1751 1676 1859 1747 x1).

275 1778 347 1834 Et
372 1778 567 1832 iterum
598 1777 652 1831 in
681 1775 785 1831 hac
807 1776 998 1830 eadem
1024 1774 1090 1828 ad
1113 1772 1387 1828 Romanos
1418 1769 1659 1850 Epistola
1682 1771 1735 1824 in
1761 1784 1861 1839 po-

1962 568 2137 627 fectus
2155 571 2209 627 in
2228 572 2352 641 ﬁde,
2369 580 2426 629 et
2445 574 2656 646 aliquos
2670 574 2872 630 habere
2892 562 3103 646 partem
3120 562 3252 645 (ﬁdei
3276 562 3548 647 eriguam,

1962 662 2096 736 alius
2118 678 2389 735 magnam,
2418 664 2553 721 alios
2573 681 2706 721 vero
2720 665 2923 721 habere
2944 680 3161 721 omnem
3181 665 3342 722 ﬁdem
3358 706 3372 721 .
3402 664 3553 722 Unde

1961 763 2017 812 et
2040 754 2327 826 Apostolus
2345 755 2587 812 dicebat:
2618 756 2680 812 Si
2700 756 2918 812 habeam
2939 748 3145 812 omnem
3163 756 3341 827 ﬁdem,
3382 738 3556 811 itaut

1965 859 2164 904 montes
2182 849 2501 921 transferam
2526 849 2591 921 (1
2619 849 2743 905 Cor.
2766 850 2923 922 xm).
2981 849 3088 919 Sed
3116 857 3173 905 et
3202 850 3258 906 in
3310 850 3557 920 Evange-

1963 941 2050 997 liis
2073 942 2321 1014 discipuli
2349 942 2623 997 dicuntad
2665 926 2950 997 Dominum
2981 941 3137 1013 quasi
3182 942 3381 1013 quibus
3425 956 3560 996 non-

1965 1035 2092 1090 dum
2120 1035 2278 1106 plena
2304 1034 2505 1089 inesset
2529 1033 2685 1100 ﬁdes,
2717 1022 2861 1106 Auge
2890 1035 3036 1089 nobis
3055 1034 3229 1105 ﬁdem.
3259 1032 3557 1090 Considera

1965 1143 2117 1192 sane,
2147 1127 2193 1182 si
2218 1128 2517 1183 secundum
2551 1141 2614 1181 ea
2645 1142 2767 1197 quas
2793 1127 2860 1181 de
2890 1125 2994 1181 ﬁde
3015 1126 3266 1194 dicimus,
3299 1127 3464 1181 etiam
3488 1123 3556 1180 de

1966 1219 2249 1276 charitatis
2274 1219 2580 1288 augmentis
2604 1217 2854 1275 similiter
2898 1208 3186 1289 possumus
3231 1218 3555 1290 intelligere,

1966 1311 2040 1367 ita
2066 1319 2127 1365 ut
2151 1310 2395 1365 dicamus
2419 1310 2486 1366 de
2506 1309 2774 1365 charitate
2803 1307 2945 1363 sicut
2973 1315 3027 1362 et
3057 1307 3144 1363 ille
3170 1306 3307 1362 dixit
3338 1326 3351 1361 :
3384 1306 3444 1363 Si
3466 1309 3561 1362 ha-

1966 1404 2113 1458 beam
2138 1420 2341 1458 omnem
2367 1402 2546 1472 ﬁdem.
2581 1401 2638 1457 Si
2669 1401 2900 1458 habeam
2945 1416 3161 1456 omnem
3190 1398 3514 1457 cbaritatem
3544 1417 3559 1455 :

1965 1507 2021 1554 et
2044 1496 2193 1553 illum
2227 1497 2431 1552 habere
2457 1511 2673 1552 omnem
2726 1494 3070 1559 cbaritatem,
3116 1493 3207 1564 qui
3245 1493 3427 1547 omnia
3474 1492 3562 1547 illa

1969 1590 2218 1647 habuerit
2246 1605 2367 1660 qua
2413 1587 2634 1659 pr0pria
2663 1587 2951 1643 charitatis
2977 1594 3124 1652 sunt,
3167 1586 3307 1640 sicut
3332 1585 3569 1657 Aposto-

1967 1681 2055 1737 lus
2080 1682 2208 1737 dicit
2238 1700 2250 1734 :
2279 1679 2525 1735 Charitas
2547 1681 2751 1750 patiens
2777 1689 2875 1744 est,
2899 1680 3122 1750 benigna
3151 1687 3247 1744 est,
3281 1695 3385 1732 non
3407 1678 3566 1747 inﬂa:

1966 1782 2070 1832 tur.
2101 1790 2205 1828 non
2228 1772 2529 1838 atmulatur,
2581 1788 2686 1825 non
2724 1771 3003 1826 ambitiosa
3030 1778 3125 1836 est,
3151 1788 3255 1825 non
3297 1786 3566 1842 perperam

279 1869 598 1925 sterioribus
631 1868 803 1922 dicit:
838 1866 938 1937 Spe
962 1875 1136 1921 autem
1157 1865 1287 1919 salvi
1333 1865 1463 1934 facti
1505 1880 1707 1953 sumus.
1738 1861 1866 1933 Spes
1896 1866 2101 1957 nagit,
2166 1880 2269 1918 non
2319 1864 2584 1928 irritatur,
2645 1863 2822 1916 omnia
2871 1861 3079 1926 tolerat,
3131 1861 3309 1915 omnia
3380 1859 3569 1925 credit,

280 1975 455 2018 autent
476 1979 593 2033 qua:
622 1962 843 2026 videtur,
870 1976 972 2014 non
996 1968 1070 2013 est
1091 1975 1225 2029 spes.
1244 1955 1399 2023 Quod
1420 1944 1713 2010 enim‘videt
1729 1954 1867 2025 quis,

279 2056 406 2127 quid
428 2055 642 2126 sperat?
673 2052 734 2121 Si
762 2070 876 2108 vero
905 2051 1049 2123 quod
1073 2068 1176 2105 non
1202 2049 1435 2105 videmus
1457 2062 1751 2118 speramus,
1781 2042 1873 2116 per

280 2146 584 2216 patientiam
614 2153 973 2215 exspectamus
996 2140 1167 2214 (Rom.
1192 2140 1293 2212 ιχ).
1319 2139 1473 2208 Quod
1495 2137 1592 2204 ait,
1621 2135 1723 2208 Spe
1741 2136 1875 2191 salvi

284 2240 410 2310 facti
436 2254 639 2303 sumus,
675 2238 775 2291 hoc
804 2236 945 2291 idem
994 2226 1138 2305 quod
1168 2232 1298 2287 alibi
1333 2231 1484 2297 dicit,
1516 2229 1645 2301 quia
1680 2246 1773 2299 per
1809 2228 1875 2297 ﬁ-

284 2331 401 2384 dem
437 2328 625 2385 salvati
652 2344 873 2393 sumus;
902 2335 987 2392 et,
1042 2323 1204 2379 Fides
1256 2333 1346 2377 tua
1397 2332 1446 2378 te
1480 2321 1685 2377 salvum
1710 2312 1875 2391 fecit}

284 2432 360 2491 et,
393 2422 689 2478 Secundum
717 2406 879 2491 ﬁdem.
904 2429 1049 2473 tuam
1077 2417 1342 2488 contingat
1375 2415 1489 2470 tibi.
1533 2415 1662 2483 Quae
1691 2396 1879 2485 utique

286 2518 394 2573 illis
432 2514 687 2572 dicuntur
722 2514 813 2585 qui
867 2511 1151 2569 credentes
1178 2510 1234 2564 in
1258 2508 1442 2565 Jesum
1497 2522 1648 2579 spem
1697 2496 1879 2578 gesse.’

285 2598 415 2663 runt
440 2609 507 2663 ab
532 2618 597 2663 eo
635 2623 692 2663 se
723 2592 882 2677 posse
934 2603 1135 2660 curari.
1190 2599 1343 2657 Sicut
1374 2608 1556 2656 autem
1601 2599 1879 2655 Abraham

286 2692 477 2758 'coutra
497 2716 646 2772 spem
674 2701 728 2754 in
757 2714 910 2770 spem
941 2696 1192 2775 credidit,
1224 2684 1299 2750 ita
1323 2709 1513 2775 omnes
1544 2693 1635 2764 qui
1666 2708 1767 2764 per
1817 2692 1881 2747 ﬁ-

291 2794 413 2849 dem
440 2786 537 2848 ﬁlii
567 2800 693 2848 sunt
718 2790 953 2846 Abrahae
983 2796 1171 2846 contra
1197 2803 1345 2859 spem
1377 2787 1431 2842 in
1469 2801 1620 2856 spem
1652 2783 1883 2840 credunt

292 2886 357 2940 de
385 2883 609 2955 singulis
634 2881 937 2952 quibusque
984 2896 1105 2951 quas
1142 2879 1391 2942 credunt,
1425 2877 1540 2932 sive
1584 2875 1652 2931 de
1698 2890 1884 2931 resur-
1922 2888 1927 2893 λ

291 2975 533 3031 rectione
559 2982 919 3039 mortuorum,
951 2971 1065 3027 sive
1087 2969 1152 3026 de
1177 2967 1495 3025 haereditate
1538 2967 1691 3037 regni
1720 2965 1885 3022 coelo-

292 3074 432 3123 rutu.
458 3066 585 3122 Haec
608 3066 777 3132 enim,
802 3073 1065 3136 quantum
1088 3063 1156 3119 ad
1182 3071 1433 3119 naturam
1457 3062 1750 3116 humanam
1767 3075 1886 3132 spe-

1974 1956 2150 2011 omnia
2178 1963 2371 2024 sperat,
2402 1953 2577 2007 omnia
2607 1952 2825 2008 sustinet
2860 1949 2923 2023 (I
2947 1951 3070 2027 Cor.
3109 1951 3262 2022 XIII),
3291 1959 3347 2007 et
3372 1959 3569 2011 extera

1974 2048 2062 2123 his
2078 2048 2296 2104 similia.
2324 2046 2455 2115 Quae
2482 2047 2528 2101 si
2561 2046 2683 2117 quis
2709 2046 2926 2110 habeat,
2988 2053 3134 2102 recte
3172 2044 3305 2100 mihi
3352 2044 3569 2101 videtur

1977 2146 2081 2203 dici
2112 2146 2257 2216 quod
2306 2143 2503 2199 habeat
2548 2157 2765 2198 omnem
2816 2141 3136 2198 cbaritatem
3174 2159 3188 2195 :
3221 2157 3341 2213 quae
3386 2141 3570 2215 cbari—

1977 2250 2063 2297 tas
2090 2240 2206 2295 sine
2228 2239 2392 2319 dubio
2417 2254 2484 2295 ex
2512 2239 2597 2294 his
2626 2238 2849 2308 singulis
2879 2239 2947 2293 ab
2971 2238 3228 2309 Apostolo
3254 2253 3417 2309 supra
3442 2252 3573 2295 eiut—

1979 2333 2203 2389 meratis
2228 2331 2475 2403 partibus
2496 2339 2729 2387 constat.
2762 2330 3028 2387 Similiter
3062 2338 3246 2389 autem
3270 2338 3325 2386 et
3369 2331 3434 2386 de
3471 2330 3576 2385 mi-

1979 2421 2276 2479 sericordia
2305 2430 2360 2477 et
2399 2424 2605 2500 pietate
2634 2421 2952 2493 caeterisque
2998 2421 3290 2477 virtutibus
3311 2420 3576 2482 arbitror

1981 2515 2088 2590 dici
2110 2530 2291 2585 posse.
2316 2514 2385 2569 Et
2412 2514 2552 2570 forte
2576 2529 2676 2585 per
2701 2514 2816 2569 haec
2837 2512 3069 2585 singula,
3094 2512 3236 2569 sicut
3261 2512 3330 2568 de
3358 2512 3461 2568 ﬁde
3496 2512 3577 2567 di-

1983 2616 2153 2673 ctum,
2182 2608 2307 2680 quia
2338 2607 2472 2664 ﬁdes
2488 2615 2751 2681 Preputata
2776 2616 2862 2663 est
2884 2608 2950 2663 ad
2968 2606 3258 2678 justitiam,
3303 2606 3378 2660 ita
3412 2613 3465 2659 et
3510 2605 3577 2660 de

1982 2700 2252 2755 charitate
2279 2699 2384 2756 dici
2408 2688 2607 2771 potest,
2632 2699 2757 2770 quia
2782 2706 3025 2769 reputata
3052 2706 3137 2754 est
3165 2697 3404 2755 Charitas
3429 2697 3480 2753 ei
3508 2695 3575 2749 ad

1978 2789 2271 2861 justitiam,
2293 2799 2390 2846 aut
2416 2791 2616 2861 pietas,
2635 2798 2728 2846 aut
2748 2789 3140 2846 misericordia.
3168 2788 3273 2843 Sed
3298 2788 3578 2845 videamus

1978 2881 2092 2953 jam
2126 2898 2189 2939 ea
2210 2899 2331 2955 quae
2351 2892 2792 2955 consequuntur:
2814 2882 2883 2937 Et
2907 2900 3033 2949 non,
3053 2882 3246 2954 inquit,
3279 2881 3577 2952 inﬁrmatus

1986 2985 2060 3029 est
2096 2976 2149 3028 in
2173 2974 2299 3045 ﬁde,
2327 2991 2420 3030 nec
2446 2975 2796 3033 consideravit
2819 2990 2975 3028 suum
3019 2989 3208 3044 corpus
3259 2980 3573 3035 emortuum,

1986 3084 2105 3124 cum
2131 3067 2239 3137 fere
2259 3076 2466 3122 centum
2494 3076 2626 3122 esset
2656 3083 2938 3131 annorum,
2963 3076 3009 3121 et
3037 3075 3329 3120 emortuam
3368 3062 3579 3118 vulvam
3669 3050 3673 3056 ’

291 3165 425 3224 ctat,
450 3167 640 3213 contra
667 3172 817 3228 spem
846 3157 1139 3211 videntur:
1176 3162 1436 3229 quantum
1458 3161 1638 3209 autem
1678 3152 1746 3208 ad
1788 3167 1886 3223 ρο·
1924 3226 1952 3229 _
1991 3159 2143 3216 sane
2173 3159 2271 3213 :in
2303 3158 2606 3213 remissione
2649 3159 2810 3213 etiam
2842 3157 2937 3213 Dei
2970 3173 3071 3211 non
3119 3155 3380 3227 ltwsitavit
3429 3152 3581 3223 difﬁ—

292 3253 519 3307 tentiatn
548 3250 665 3317 Dei,
695 3226 776 3305 Vin
810 3264 906 3320 spe
950 3226 1279 3315 creduntur;
1307 3248 1555 3317 exemplo
1605 3245 1882 3302 Abraham
1910 3226 1955 3307 (ἶ
1986 3252 2185 3318 dentia,
2217 3251 2307 3306 sed
2329 3250 2659 3320 confortatus
2692 3259 2765 3305 est
2797 3249 2922 3320 ﬁde.
2952 3248 3221 3315 Quantum
3254 3245 3472 3317 quidem
3513 3245 3581 3301 ad

294 3345 586 3410 credentis,
619 3344 746 3413 quia
785 3358 1123 3413 quaecunque
1175 3339 1431 3411 promisit
1479 3338 1645 3402 Deus,
1690 3346 1883 3408 potens

294 3445 381 3493 est
425 3446 481 3492 et
502 3434 706 3501 facere,
731 3435 776 3490 si
795 3444 974 3490 tamen
1007 3434 1091 3488 his
1114 3435 1204 3503 qui
1233 3434 1465 3488 credunt
1492 3440 1710 3486 maneat
1726 3429 1881 3499 ﬁdes,

296 3542 443 3598 spes,
473 3526 729 3581 Charitas.
762 3522 829 3579 Et
851 3533 979 3594 puto
1014 3524 1157 3593 quod
1188 3524 1363 3593 prima
1395 3522 1585 3577 salutis
1627 3522 1777 3577 initia
1831 3531 1887 3578 et

296 3617 413 3688 ipsa
441 3615 791 3669 fundamenta
839 3614 973 3668 ﬁdes
1023 3620 1144 3668 est:
1176 3612 1453 3683 profectus
1492 3628 1622 3668 vero
1682 3622 1737 3667 et
1786 3630 1886 3668 au-

298 3716 514 3779 gmenta
548 3693 761 3759 tediﬁCii
792 3720 916 3774 spes
935 3712 1019 3758 est
1043 3720 1055 3756 :
1084 3702 1349 3774 profectio
1377 3713 1555 3757 autem
1583 3713 1638 3760 et
1671 3704 1885 3759 culmen

298 3801 464 3855 totius
490 3797 671 3868 operis
696 3797 935 3852 charitas
962 3815 974 3850 :
1003 3806 1059 3851 et
1081 3796 1201 3851 ideo
1230 3795 1403 3864 major
1422 3797 1662 3851 omnium
1687 3796 1888 3853 dicitur

300 3891 558 3946 charitas.
592 3889 758 3959 Igitur
790 3886 1064 3943 Abraham
1089 3896 1279 3943 contra
1310 3902 1463 3958 spem
1495 3888 1550 3942 in
1591 3903 1739 3959 spem
1767 3902 1888 3943 cre-

302 3983 453 4049 didit,
488 3991 551 4037 ut
581 3973 733 4053 pater
758 3982 916 4037 ﬁeret
938 3981 1227 4037 multarum
1260 3981 1521 4051 gentium,
1543 3996 1667 4051 qua:
1719 3980 1886 4035 futuri

303 4089 484 4137 essent
504 4080 647 4136 'sicut
675 4077 843 4134 stellae
864 4064 1007 4142 caeli,
1036 4092 1143 4132 non
1165 4075 1338 4133 solum
1380 4075 1746 4142 multitudine,
1792 4076 1889 4132 sed

302 4180 357 4228 et
384 4171 649 4227 charitate
678 4160 997 4243 [claritate]
1032 4187 1045 4223 :
1077 4169 1277 4239 quique
1292 4168 1631 4238 promittenti
1660 4166 1891 4223 ﬁdeliter

302 4263 550 4327 credens,
581 4278 703 4327 non,
732 4261 931 4331 inquit,
968 4259 1266 4328 inﬁrmatus
1298 4268 1372 4313 est
1420 4258 1543 4328 ﬁde.
1573 4258 1729 4326 Quod
1758 4252 1890 4315 dicit

301 4372 408 4413 non
440 4346 744 4411 inﬁrmatus
760 4362 843 4409 est
864 4351 987 4417 ﬁde,
1012 4350 1299 4407 ostendere
1336 4351 1469 4406 mihi
1511 4352 1724 4408 videtur
1769 4366 1890 4409 esse

304 4448 590 4519 quamdam
614 4432 986 4501 inﬁrmitatem
1009 4444 1063 4498 in
1089 4443 1209 4499 ﬁde.
1238 4442 1392 4511 Quod
1407 4442 1452 4498 si
1473 4452 1557 4497 est
1578 4445 1887 4513 inﬁrmitas,

304 4552 386 4599 cst
413 4538 530 4598 sine
551 4540 714 4596 dubio
734 4548 789 4594 et
821 4540 1046 4604 sanitas,
1070 4539 1213 4594 sicut
1231 4547 1286 4594 et
1314 4538 1450 4593 alias
1494 4539 1733 4594 ostendit
1761 4555 1885 4595 cum

294 4618 433 4701 dicit
459 4650 472 4687 :
504 4631 726 4700 Increpa
753 4628 872 4683 illos
903 4630 1118 4693 acriter,
1140 4638 1198 4682 ut
1227 4627 1345 4683 sani
1372 4628 1480 4682 sint
1505 4628 1562 4683 in
1605 4628 1710 4697 ﬁde
1754 4628 1884 4698 (Tit.

305 4718 581 4799 t).Beatus
609 4735 739 4792 ergo
766 4728 849 4776 est
869 4710 960 4791 qui
991 4736 1096 4774 non
1123 4720 1428 4774 inﬁrmatur
1453 4720 1509 4774 in
1535 4718 1655 4776 ﬁde.
1677 4718 1736 4776 Si
1756 4736 1887 4779 vero

306 4815 427 4886 quis
454 4812 771 4875 inﬁrmatur,
804 4826 989 4866 curam
1019 4808 1138 4878 ejus
1165 4809 1422 4866 describit
1445 4811 1734 4880 Apostolus
1761 4828 1887 4868 cum

307 4910 477 4965 dicit:
508 4904 870 4975 Inﬁrmantem
921 4913 1094 4957 autem
1132 4904 1188 4957 in
1239 4903 1343 4972 ﬁde
1384 4903 1634 4959 assumite
1681 4920 1785 4958 non
1831 4905 1887 4959 in

307 4999 760 5073 disceptationibus
781 4997 1175 5070 cogitationum.
1212 4995 1356 5053 Nam
1384 4996 1521 5051 alius
1549 4998 1712 5053 credit
1734 5015 1895 5055 man-

296 5092 515 5149 ducare
529 5086 704 5147 omnia
719 5108 737 5145 :
760 5091 849 5162 qui
875 5099 1050 5173 autem
1071 5088 1313 5157 inﬁrmus
1332 5099 1428 5155 est,
1449 5088 1594 5143 olera
1612 5092 1895 5147 manducet

312 5176 483 5260 (Rom.
510 5174 659 5259 'tuv).
692 5180 798 5239 Per
832 5172 975 5255 quod
1028 5180 1217 5252 utique
1267 5182 1514 5259 designat
1563 5184 1712 5253 verbi
1747 5185 1894 5241 olera

310 5262 596 5357 praebenda
621 5260 745 5333 esse
769 5278 819 5332 ei
840 5275 933 5347 qui
960 5272 1267 5330 inﬁrmatur
1296 5273 1351 5328 in
1380 5273 1506 5341 ﬁde,
1538 5288 1606 5329 ne
1634 5274 1791 5345 plena
1832 5279 1896 5333 ﬁ-

312 5364 667 5426 dei'doctrina
709 5368 1092 5425 cunctantibus
1144 5368 1198 5424 in
1248 5382 1311 5423 ea
1358 5375 1413 5424 et
1462 5369 1693 5438 quodam
1736 5369 1896 5427 modo

314 5460 704 5533 aegrotantibus
738 5448 1053 5539 in‘geratur.‘
1092 5458 1239 5515 Sana
1292 5467 1473 5514 autem
1515 5458 1650 5516 ﬁdes
1699 5460 1897 5517 dicitur

317 5555 437 5625 quae
463 5549 705 5633 perfecta
731 5552 841 5615 ‘est,
869 5548 923 5605 et
950 5552 1035 5623 cui
1064 5538 1200 5606 nihil
1227 5552 1414 5633 deest:
1437 5559 1493 5606 et
1520 5552 1637 5623 ipsa
1671 5544 1755 5619 est
1775 5568 1897 5625 qua}

318 5641 493 5698 credit
516 5630 841 5695 manducare
869 5642 1069 5706 omnia,
1100 5642 1152 5695 id
1174 5652 1276 5710 est,
1312 5628 1433 5714 qua:
1472 5658 1666 5714 capere
1722 5653 1902 5714 potest

318 5726 500 5791 omnia
526 5752 537 5789 :
564 5722 725 5806 quam
752 5734 843 5804 qui
868 5722 1049 5798 habet,
1079 5734 1336 5806 spiritalis
1362 5735 1660 5809 appellatur
1688 5748 1743 5792 et
1764 5738 1901 5808 diju-

322 5822 467 5883 dicat
499 5827 702 5929 ontttia,
719 5834 776 5919 et
796 5824 1019 5919 innullo
1047 5841 1296 5913 sermone
1320 5828 1676 5886 scandalizari
1704 5837 1901 5901 potest.

1911 4587 1965 4655 ι)

1986 3342 2286 3412 simplicem
2315 3343 2551 3413 pertinet
2606 3340 2962 3405 intellectum,
3015 3337 3319 3395 evidentem
3360 3337 3587 3410 protulit

1987 3434 2255 3489 rationem
2304 3432 2448 3502 quod
2476 3432 2754 3489 Abraham
2811 3448 2934 3488 cum
2987 3432 3229 3488 audisset
3283 3431 3385 3493 sibi
3413 3448 3443 3487 a
3477 3431 3586 3486 Deo

1988 3524 2228 3579 sobolem
2257 3524 2586 3593 repromitti,
2617 3540 2726 3581 non
2756 3525 2994 3594 respexit
3023 3526 3091 3579 ad
3129 3534 3407 3581 emortuas
3451 3539 3582 3580 cen-

1988 3614 2183 3670 tenarii
2210 3614 2453 3684 corporis
2472 3614 2555 3669 sui
2582 3614 2749 3679 vires,
2778 3615 2844 3667 dc
2872 3629 2981 3684 quo
3009 3614 3196 3684 utique
3238 3628 3580 3685 nequaquam

1989 3705 2193 3776 sperari
2228 3713 2415 3775 posset
2434 3705 2542 3760 ulla
2568 3706 2869 3761 successio:
2893 3705 2986 3762 sed
3017 3706 3314 3776 potentiam
3354 3705 3584 3776 promit.-

1990 3796 2154 3851 tentis
2184 3795 2432 3862 intuitus,
2464 3797 2596 3852 nihil
2628 3795 2845 3853 diﬁicile
2868 3812 2992 3853 esse
3017 3796 3249 3853 credidit
3277 3798 3328 3852 in
3356 3798 3443 3853 his
3465 3812 3586 3877 qpae

1988 3887 2343 3956 promittebat
2363 3888 2707 3957 omnipotens
2738 3907 2752 3943 :
2781 3890 2874 3943 sed
2902 3890 3063 3954 dedit,
3119 3889 3318 3960 inquit,
3357 3889 3587 3961 gloriam

1990 3976 2122 4044 Deo,
2150 3976 2456 4047 intelligens
2483 3976 2653 4053 solius
2676 3977 2920 4039 Deiesse
2948 3994 3166 4043 munus,
3217 3978 3308 4035 ubi
3337 3980 3588 4035 humana:

1990 4070 2336 4127 fecunditatis
2375 4070 2501 4139 jura
2553 4081 2921 4128 cessaverant.
2979 4071 3172 4127 Merito
3223 4072 3389 4145 igitur
3441 4072 3591 4129 dedit

1991 4163 2218 4235 gloriam
2232 4162 2343 4219 Deo
2362 4162 2455 4233 qui
2480 4170 2692 4218 naturae
2710 4162 2887 4218 fuerat
2900 4163 3147 4219 desertus
3172 4164 3413 4221 auxiliis.
3432 4164 3585 4232 llaec,

1993 4265 2055 4311 ut
2084 4256 2217 4320 dixi,
2257 4264 2521 4325 quantum
2549 4256 2617 4311 ad
2633 4255 2942 4325 simplicem
2965 4256 3373 4326 intelligentiam
3420 4257 3591 4327 perti-

1992 4357 2104 4415 net,
2122 4346 2455 4403 suﬁicientcr
2468 4347 2616 4404 dicta
2641 4346 2989 4404 videbuntur.
3016 4347 3073 4403 Si
3086 4362 3219 4419 (vero
3234 4349 3356 4419 quis
3367 4349 3592 4420 objiciat

1994 4441 2151 4498 nobis
2176 4461 2187 4495 :
2215 4441 2497 4511 Quomodo
2526 4441 2728 4513 poterit
2745 4441 3023 4499 Abraham
3055 4443 3111 4515 in
3140 4443 3454 4503 wittenario
3488 4458 3588 4498 an-

1993 4552 2188 4595 norum
2211 4552 2438 4594 numero
2479 4537 2688 4606 positus
2724 4537 2969 4594 emortui
3015 4538 3260 4609 corporis
3303 4538 3435 4603 dici,
3496 4537 3589 4606 qui

1993 4629 2692 4702 posteaquamjsuscepissct
2711 4626 2884 4695 Isaac,
2907 4638 2965 4683 et
2987 4629 3246 4689 defuncta
3267 4636 3415 4686 esset
3426 4626 3587 4692 Sara,

1990 4738 2111 4793 quae
2143 4736 2267 4778 eum
2289 4720 2652 4791 nonagenaria
2698 4730 3025 4791 conceperat
3070 4730 3127 4778 et
3164 4721 3380 4783 vixerat
3431 4721 3590 4776 annis

1989 4824 2208 4871 centum
2228 4812 2418 4883 viginti
2441 4820 2676 4882 septem;
2710 4821 2897 4882 postea
2932 4812 3099 4868 etiam
3134 4826 3297 4881 quam
3321 4827 3589 4868 annorum

1989 4905 2347 4978 quadraginta
2390 4904 2566 4960 factus
2616 4901 2769 4961 Isaac
2829 4902 3040 4973 accepit
3087 4901 3417 4969 Rebeccam,
3469 4909 3594 4972 post

1991 5000 2095 5055 ista
2125 4998 2306 5054 omnia
2352 4997 2609 5055 scribitur
2636 5010 2651 5050 :
2676 4993 2747 5052 Et
2786 5011 3051 5067 apponens
3079 4994 3349 5050 Abraham
3393 4994 3593 5065 accepit

2002 5106 2216 5145 uxorem
2243 5089 2327 5144 cui
2368 5105 2555 5144 nomen
2597 5086 2826 5143 Cet/tura
2850 5103 2869 5142 :
2895 5097 2946 5143 et
2990 5086 3185 5158 peperit
3232 5086 3281 5159 ei
3319 5084 3592 5141 Jembram

2004 5180 2325 5255 [Zamram]
2355 5190 2404 5236 et
2430 5179 2613 5235 Zexan
2639 5178 2904 5253 [Jecsan]
2925 5187 2975 5234 et
2996 5177 3219 5245 Madan,
3268 5186 3316 5232 et
3346 5176 3590 5244 Madian,

2000 5287 2048 5332 et
2077 5275 2232 5331 Jesoc
2262 5273 2546 5347 [Jesboclt]
2580 5284 2631 5328 et
2659 5272 2760 5329 Soe
2793 5270 2990 5346 [Sne].
3017 5270 3302 5340 Quomodo
3341 5286 3470 5343 ergo
3507 5271 3591 5328 vi-

2003 5371 2216 5427 debitur
2245 5370 2476 5425 emortui
2501 5368 2767 5440 corporis,
2821 5368 2915 5438 qui
2945 5367 3118 5425 multo
3159 5366 3345 5425 senior.
3368 5366 3594 5424 effectus

2003 5478 2165 5534 quam
2188 5470 2316 5517 tunc
2335 5468 2476 5528 erat,
2504 5471 2561 5518 et
2584 5478 2809 5519 uxorem
2839 5462 3115 5533 accipere,
3154 5469 3214 5518 et.
3257 5477 3353 5519 sex
3383 5461 3585 5517 liberos

1989 5554 2179 5628 potuit
2212 5552 2542 5625 procreare?
2562 5552 2707 5620 Quas
2730 5552 3068 5625 obiectiones
3095 5561 3154 5609 ut
3178 5553 3435 5609 decenter
3469 5565 3593 5622 pos-

2006 5650 2177 5707 simus
2196 5648 2503 5715 excludere,
2533 5648 2923 5718 expositionem
2948 5649 3185 5705 emortui
3212 5646 3453 5716 corporis
3500 5646 3593 5703 illo

2010 5739 2412 5807 transierimus,
2438 5747 2500 5797 ut
2527 5730 2772 5796 dicamus
2802 5740 3079 5797 Abraham
3130 5755 3239 5796 non
3274 5736 3593 5793 inﬁrmitate

2011 5834 2263 5888 humanae
2286 5832 2463 5889 aetatis
2489 5838 2815 5897 emortuum,
2845 5833 2942 5891 sed
2962 5831 3259 5890 secundum
3295 5827 3439 5883 illam
3485 5827 3595 5883 vir-
