4056 6336
349 336 487 394 1565

810 396 815 402 ,
867 329 1416 389 ENARRATIONUM
1452 329 1521 386 iN
1558 328 1707 386 EPP.
1748 327 1955 386 PAULI
1992 327 2120 385 LIB.
2161 328 2246 384 Ill.
2283 361 2352 371 -—
2378 304 2458 384 \IN
2496 326 2715 387 EPIST.
2761 332 2850 387 AD
2887 331 3055 390 ROM.

3469 333 3605 389 1566

347 458 608 511 nostram,
647 462 747 503 nec
777 447 1004 501 traditus
1049 455 1133 500 est
1177 451 1398 515 propter
1442 453 1665 514 peccata
1716 453 1922 498 nostra.
1952 443 2006 505 Α
2030 443 2130 496 sibi
2157 442 2286 498 velit
2300 443 2449 511 pacis
2474 457 2694 508 nomen,
2738 451 2794 499 et
2818 442 2934 512 ejus
2957 443 3109 515 pacis
3136 457 3255 514 quae
3281 457 3381 513 per
3426 446 3609 500 Domi~

349 544 407 599 Si
433 544 577 599 enim
602 542 708 596 hoc
739 540 919 603 credo,
954 538 1226 610 quomodo
1250 537 1379 591 illud
1410 552 1533 591 amo
1574 552 1673 608 pro
1704 552 1813 606 quo
1840 535 1930 590 ille

347 632 566 703 pertulit
602 632 872 689 mortem?
917 629 975 685 Si
1002 631 1105 685 hoc
1144 629 1308 683 credo
1348 629 1490 697 quod
1542 628 1628 683 ille
1663 630 1730 683 ad
1761 627 1929 698 justi-

348 724 655 781 ﬁcationem
709 737 887 777 meam
950 720 1217 790 quomodo
1270 719 1539 782 surrexit,
1612 718 1744 772 mihi
1792 718 1932 787 inju-

348 814 494 872 slitia
515 815 721 886 placet?
749 812 1015 868 Justiﬁcat
1033 826 1162 879 ergo
1179 825 1274 865 eos
1293 809 1539 867 Christus
1560 806 1937 869 tantummodo,

348 906 441 975 qui
467 905 760 971 novitatem
790 901 1037 971 exemplo
1071 900 1486 955 resurrectionis
1530 899 1701 968 ipsius
1743 912 1930 953 susce-

349 1004 566 1064 perunt,
595 1002 649 1047 et
675 1002 885 1048 vetusta
916 990 1190 1059 iniustitiae
1220 999 1381 1062 atque
1422 991 1724 1060 iniquitatis
1773 991 1930 1046 indu-

347 1095 530 1141 menta
577 1086 726 1141 velut
749 1101 965 1141 causam
998 1085 1189 1139 mortis
1218 1084 1498 1153 abjiciunt.
1539 1082 1643 1139 Sed
1680 1084 1808 1138 illud
1837 1100 1932 1138 ve-

349 1176 441 1230 lim
482 1177 779 1245 requirere,
817 1177 861 1229 si
890 1191 987 1245 pro
1009 1178 1112 1230 hoc
1146 1175 1270 1244 solo
1299 1176 1431 1228 dicit
1469 1175 1775 1245 Apostolus,
1802 1177 1929 1245 quia

348 1281 454 1321 non
480 1276 700 1336 propter
718 1266 991 1321 Abraham
1008 1266 1176 1320 solum
1204 1267 1464 1335 scriptum
1479 1274 1585 1331 est,
1600 1267 1695 1321 sed
1717 1275 1772 1321 et
1799 1281 1929 1335 pro-

346 1368 468 1428 pter
493 1374 609 1423 nos,
643 1360 787 1428 quod
826 1359 962 1415 dixit
994 1378 1006 1412 :
1039 1359 1269 1413 Credidit
1297 1360 1560 1413 Abraham
1594 1360 1721 1424 Deo,
1762 1368 1811 1412 et
1841 1376 1928 1414 re-

344 1460 586 1519 putatum
619 1459 692 1503 est
732 1449 810 1502 illi
838 1450 906 1502 ad
937 1450 1221 1518 justitiam.
1251 1449 1505 1514 Putasne,
1537 1450 1626 1505 hic
1647 1464 1826 1511 sermo
1860 1464 1929 1504 ex

346 1540 599 1594 omnibus
642 1555 763 1609 quze
788 1540 1039 1594 dicuntur
1060 1538 1129 1593 de
1154 1540 1430 1595 Abraham
1458 1555 1564 1594 non
1594 1540 1767 1595 solum
1804 1554 1931 1609 pro-

347 1637 468 1699 pter
500 1629 671 1692 illum,
698 1630 791 1683 sed
815 1638 871 1683 et
890 1636 1109 1699 propter
1140 1645 1236 1683 nos
1259 1630 1493 1699 scriptus
1523 1639 1627 1693 est,
1655 1646 1723 1684 an
1744 1638 1797 1684 et
1826 1630 1930 1685 alia

347 1721 527 1790 aliqua
558 1721 883 1775 videbuntur
917 1738 1023 1775 non
1061 1730 1281 1791 propter
1330 1722 1477 1775 illum
1505 1722 1700 1782 solum.
1732 1723 1827 1776 sed
1873 1729 1928 1776 et

345 1820 566 1883 propter
591 1828 689 1867 nos
719 1813 957 1883 scripta?
989 1830 1056 1866 an
1081 1823 1229 1868 certe
1257 1814 1438 1867 omnia
1463 1829 1583 1883 qua:
1613 1815 1679 1869 de
1704 1814 1822 1884 ipso
1846 1815 1926 1869 di-
1958 1792 2006 1852 Β

345 1913 543 1958 cuntur
578 1920 684 1960 non
721 1915 940 1974 propter
969 1906 1142 1973 ipsum
1184 1904 1356 1960 solum
1397 1906 1491 1960 sed
1535 1915 1590 1960 et
1636 1922 1735 1977 pro
1772 1907 1928 1969 nobis

344 1995 618 2060 dicuntur,
650 2003 705 2049 et
730 2011 835 2051 non
889 1996 1061 2051 solum
1104 1996 1170 2049 de
1202 1995 1519 2050 Abraham?
1546 1995 1653 2050 Sed
1694 1996 1816 2051 vide
1860 2014 1929 2055 ne

344 2085 483 2140 forte
502 2086 617 2141 haec
637 2087 826 2141 eadem
856 2088 1023 2142 etiam
1051 2088 1116 2142 de
1143 2088 1294 2145 Isaac
1334 2088 1585 2143 similiter
1616 2089 1928 2160 accipienda

344 2173 472 2240 sint,
498 2185 557 2228 ut
586 2192 705 2245 quae
729 2177 795 2231 de
846 2177 961 2246 ipso
1000 2178 1200 2247 scripta
1234 2179 1362 2243 sint,
1390 2193 1494 2233 non
1527 2180 1594 2233 ad
1640 2180 1816 2249 ipsum
1842 2195 1930 2235 so-

342 2266 475 2332 lum,
500 2268 592 2325 scd
612 2278 669 2322 et
688 2285 784 2323 nos
807 2270 1093 2340 aspiciant,
1117 2270 1365 2326 similiter
1381 2280 1436 2326 et
1457 2271 1522 2327 de
1536 2272 1723 2338 Jacob,
1750 2282 1805 2328 et
1823 2289 1930 2329 ca:-

342 2359 474 2413 teris
518 2361 864 2428 patriarcbis.
925 2361 1168 2431 Namque
1238 2363 1376 2416 ratio
1424 2363 1715 2428 videbitur,
1764 2372 1819 2418 et
1864 2364 1932 2419 de

342 2447 619 2503 Abraham
670 2451 889 2519 quidem
914 2467 1034 2521 quae
1086 2454 1289 2522 scripta
1318 2463 1463 2518 sunt,
1501 2454 1662 2508 etiam
1718 2454 1785 2508 ad
1832 2469 1930 2509 nos

340 2538 612 2605 pertinere
639 2540 910 2606 dicantur,
937 2558 1045 2609 non
1078 2551 1258 2597 autem
1283 2543 1447 2598 simili
1472 2542 1648 2597 forma
1675 2544 1838 2598 etiam
1866 2544 1933 2598 de

340 2626 492 2682 Isaac
518 2636 576 2683 et
599 2629 665 2684 de
685 2628 875 2695 Jacob,
900 2641 954 2686 et
1001 2632 1069 2688 de
1091 2629 1231 2687 Juda
1258 2632 1338 2686 vel
1386 2631 1607 2703 Ioseph,
1649 2642 1752 2688 etc.
1779 2632 1933 2700 Quod

341 2718 387 2771 si
442 2719 577 2774 nihil
625 2721 850 2787 rationis
884 2722 1178 2787 videbitur,
1209 2737 1306 2781 cur
1351 2722 1417 2777 de
1464 2738 1569 2777 uno
1621 2723 1933 2792 patriarcha

274 2853 307 2870 .,
343 2807 447 2862 hoc
474 2808 545 2862 ita
572 2810 749 2880 accipi
775 2811 989 2876 debeat,
1020 2821 1075 2865 et
1120 2826 1228 2865 non
1267 2810 1429 2868 etiam
1455 2810 1521 2867 de
1552 2813 1782 2877 caneris,
1805 2828 1935 2869 con-

343 2896 575 2967 Sequens
609 2901 716 2955 erit
764 2910 827 2956 ut
850 2901 915 2956 de
944 2891 1195 2957 omnibus
1223 2918 1343 2971 qua:
1396 2904 1598 2973 scripta
1646 2914 1792 2970 sunt,
1824 2920 1932 2961 non

342 2990 515 3044 solum
538 3002 764 3062 propter
789 2992 910 3049 illos
960 2994 1051 3063 qui
1103 3002 1232 3049 tunc
1279 3003 1458 3059 erant,
1489 2995 1581 3051 sed
1612 3003 1668 3049 et
1715 3003 1937 3066 propter

341 3097 446 3137 nos
467 3084 667 3154 scripta
689 3084 996 3149 videantur,
1024 3084 1077 3143 in
1123 3083 1264 3153 quod
1305 3099 1392 3140 me
1420 3086 1691 3156 praecipue
1743 3086 1935 3148 suadet

342 3173 417 3227 ita
435 3175 639 3231 sentire
660 3175 749 3231 ille
774 3176 1067 3246 Evangelii
1099 3191 1300 3243 sermo,
1331 3177 1386 3232 in
1417 3193 1526 3248 quo
1574 3180 1833 3235 Dominus
1877 3190 1934 3237 et

345 3264 592 3323 Salvator
618 3270 895 3326 nosterad
925 3283 1019 3327 eos
1045 3271 1139 3341 qui
1165 3271 1267 3327 sibi
1291 3271 1541 3345 dixerant
1567 3292 1578 3326 :
1607 3273 1746 3340 Quia
1772 3274 1933 3331 Pater

342 3368 517 3413 noster
567 3360 835 3415 Abraham
884 3371 978 3426 est,
1013 3363 1310 3430 respondit,
1336 3362 1395 3417 Si
1447 3380 1622 3421 semen
1664 3364 1933 3433 Abraham

342 3452 543 3515 essetis,
566 3467 726 3519 opera
760 3454 936 3522 utique
989 3452 1256 3507 Abraham
1281 3456 1546 3522 faceretis,
1584 3471 1721 3515 nunc
1758 3463 1933 3509 autent

343 3542 580 3613 quwritis
608 3558 688 3595 me
726 3542 1020 3611 interﬁcere
1053 3544 1337 3608 hominem,
1365 3545 1454 3615 qui
1489 3545 1755 3599 ueritatem
1789 3544 1935 3598 locu-

348 3639 432 3684 tus
461 3646 579 3684 sum
607 3629 776 3697 vobis,
812 3646 972 3698 quam
992 3632 1172 3687 audivi
1210 3650 1241 3684 a
1274 3629 1435 3689 Putre
1462 3649 1573 3693 meo
1596 3646 1613 3687 :
1640 3634 1737 3689 hoc
1760 3634 1933 3689 Abra-

346 3725 471 3777 ham
498 3740 605 3787 non
627 3723 747 3793 fecit
779 3723 961 3795 (Joan.
995 3728 1135 3795 Vin).
1171 3725 1276 3781 Per
1298 3728 1445 3797 quod
1466 3728 1655 3797 utique
1701 3727 1937 3787 ostendit

347 3813 475 3884 quia
504 3814 594 3883 qui
629 3813 838 3871 faciunt
861 3830 1024 3885 opera
1051 3816 1347 3883 Abraham,
1375 3817 1463 3873 isti
1491 3827 1619 3891 sunt
1643 3818 1737 3873 filii
1764 3818 1938 3878 Abra-

347 3907 431 3961 hae
449 3946 463 3973 ,
489 3915 546 3962 et
587 3916 807 3978 propter
836 3908 958 3967 illos
989 3911 1193 3981 scripta
1240 3920 1387 3982 sunt,
1417 3927 1543 3982 quae
1565 3913 1633 3970 de
1665 3912 1935 3970 Abraham

351 3999 551 4069 scripta
577 4009 721 4056 sunt.

974 4091 1201 4150 CAPUT
1240 4094 1307 4152 Υ.

352 4203 590 4279 Ostendit
624 4205 865 4279 virtutem
900 4207 1026 4277 ﬁdei
1068 4209 1124 4262 in
1171 4208 1493 4264 credentium
1529 4209 1937 4279 justiﬁcatione.

383 4278 633 4345 quoniam
652 4278 883 4347 regnavit
905 4295 1043 4337 mors
1064 4280 1127 4333 ab
1153 4279 1322 4336 Adam
1346 4297 1509 4352 usque
1529 4277 1597 4341 ad
1614 4277 1899 4341 Christum.

420 4389 711 4459 Justiﬁcati
727 4392 889 4460 igitur
911 4408 976 4446 ea:
1000 4391 1125 4461 ﬁde,
1151 4409 1331 4462 pacem
1357 4394 1641 4449 habeamus
1671 4395 1740 4448 ad
1768 4394 1938 4449 Deum

2031 549 2158 588 num
2206 543 2453 589 nostrum
2504 534 2686 590 Iesum
2735 535 3012 591 Christum
3059 542 3158 599 est,
3203 536 3601 605 perquiramus.

2026 622 2141 677 Pax
2169 624 2365 678 dicitur
2408 625 2501 679 ubi
2536 640 2696 680 nemo
2722 625 2971 692 dissidet,
3003 640 3163 681 nemo
3190 625 3484 691 discordet,
3514 626 3607 686 ubi

2028 714 2163 769 nihil
2188 714 2403 777 hostile,
2429 716 2565 770 nihil
2600 716 2888 772 barbarum
2932 717 3156 788 geritur.
3188 714 3297 770 Nos
3345 730 3473 788 ergo
3516 716 3609 786 qui

2030 805 2318 876 aliquando
2353 807 2552 862 fuimus
2578 807 2783 861 inimici
2811 807 2931 874 Dei,
2967 817 3258 877 sequentes
3304 807 3516 863 hostem
3554 814 3611 862 et

2028 907 2318 970 tyrannum
2345 900 2633 962 diabolum,
2661 916 2805 955 nunc
2833 901 2880 955 si
2911 900 3053 956 illius
3093 916 3243 955 arma
3270 899 3607 971 projicimus,

2029 999 2083 1046 et
2108 990 2320 1061 signum
2351 988 2554 1045 Christi
2580 998 2633 1045 et
2658 991 2835 1046 crucis
2859 990 2974 1060 ejus
3018 992 3218 1047 vexilla
3262 992 3609 1063 suscipimus,

2028 1098 2214 1155 pacem
2238 1085 2426 1153 utique
2448 1086 2710 1139 habemus
2732 1085 2797 1139 ad
2828 1084 3017 1149 Deum,
3049 1085 3143 1139 sed
3182 1100 3283 1156 per
3320 1085 3611 1140 Dominum

2029 1182 2273 1230 nostrum
2300 1173 2483 1230 Jesum
2505 1173 2802 1237 Christum,
2830 1173 2922 1243 qui
2968 1188 3067 1227 nos
3094 1188 3193 1241 per
3223 1173 3457 1228 hostiam
3487 1187 3612 1228 san-

2028 1267 2206 1339 guinis
2229 1268 2311 1322 sui
2337 1267 2703 1323 reconciliavit
2729 1266 2859 1329 Deo,
2879 1266 3016 1321 sicut
3037 1266 3103 1319 de
3127 1266 3467 1334 eoscriptum
3489 1273 3574 1319 est
3601 1282 3614 1318 :

2028 1358 2160 1413 Cum
2185 1376 2411 1413 essemus
2444 1359 2643 1413 inimici
2671 1357 2785 1423 Dei,
2821 1356 3137 1411 reconciliati
3169 1371 3348 1408 sumus
3378 1372 3468 1421 per
3488 1372 3614 1409 san-

2027 1453 2234 1522 guinem
2260 1450 2428 1505 crucis
2455 1448 2582 1504 Filii
2605 1450 2718 1519 ejus
2742 1449 2921 1519 (Rom.
2956 1448 3031 1519 v).
3062 1448 3131 1501 Et
3158 1446 3285 1501 alibi
3313 1447 3449 1500 idem
3474 1445 3614 1499 Pau-

2028 1545 2112 1599 lus
2142 1544 2348 1599 addidit
2368 1544 2477 1609 his,
2500 1544 2689 1599 dicens
2715 1562 2727 1596 :
2762 1542 3030 1612 Rogamus
3056 1557 3150 1611 pro
3173 1538 3404 1605 Christo,
3437 1555 3617 1592 recon—

2029 1634 2282 1690 ciliamini
2307 1635 2416 1688 Deo
2446 1632 2529 1706 (Il
2559 1632 2684 1687 Cor.
2708 1631 2791 1705 ιι).
2825 1631 2882 1687 Si
2912 1632 3035 1701 quis
3064 1646 3195 1701 ergo
3223 1630 3385 1685 habet
3426 1642 3653 1699 pacem_

2031 1729 2096 1783 ad
2120 1728 2310 1791 Deum,
2336 1737 2390 1783 et
2417 1726 2799 1781 reconciliatus
2824 1733 2909 1779 est
2929 1738 3025 1794 per
3050 1723 3369 1794 sanguinem
3392 1719 3615 1785 Christi,

2031 1819 2170 1873 ultra
2204 1835 2307 1874 non
2341 1820 2621 1889 contingat
2666 1832 2729 1872 ea
2784 1833 2905 1888 quae
2947 1817 3164 1872 inimica
3202 1822 3328 1870 sunt
3356 1814 3484 1869 Deo.
3528 1813 3620 1869 Vis

2032 1920 2209 1966 autem
2239 1911 2426 1965 audire
2454 1925 2573 1979 qum
2612 1916 2737 1964 sunt
2762 1910 2862 1963 ista
2895 1923 3014 1979 qua:
3040 1908 3259 1962 inimica
3296 1914 3421 1961 sunt
3464 1904 3620 1960 Deo?

2030 2005 2230 2059 Paulus
2276 2006 2390 2075 ipse
2419 2014 2472 2059 te
2503 2005 2678 2069 docet,
2712 2003 2805 2073 qui
2836 2003 2933 2067 ait,
2967 2001 3241 2073 Sapientia
3291 2001 3467 2054 carnis
3509 1999 3616 2052 ini-

2033 2098 2166 2149 mica
2187 2105 2260 2149 est
2286 2095 2391 2149 Deo
2406 2109 2423 2146 :
2437 2094 2535 2165 legi
2556 2096 2689 2148 enim
2707 2094 2800 2146 Dei
2818 2109 2922 2146 non
2941 2102 3015 2146 est
3036 2091 3266 2160 subjecta
3282 2088 3460 2161 (Rom.
3477 2088 3617 2159 vm).

2033 2185 2092 2241 Si
2118 2201 2247 2255 ergo
2272 2184 2564 2243 carnaliter
2588 2184 2788 2253 sapias,
2821 2182 2906 2235 vel
2940 2182 3109 2235 vitam
3140 2188 3289 2233 tuam
3319 2177 3623 2248 cupiditati-

2032 2280 2132 2334 bus
2148 2280 2327 2333 carnis
2342 2294 2598 2347 exponas,
2620 2286 2672 2331 ct
2686 2274 2957 2330 allluentia
2979 2271 3295 2326 deliciarum
3310 2268 3619 2334 resolvaris,

2033 2380 2126 2424 aut
2148 2369 2192 2424 si
2226 2369 2291 2423 dc
2317 2369 2451 2438 legis
2502 2367 2775 2421 intellectu
2821 2364 3112 2420 carnaliter
3138 2369 3325 2417 etnon
3368 2357 3626 2430 spiritali-

2034 2471 2119 2518 ter
2140 2462 2362 2528 sentias,
2393 2472 2449 2516 et
2472 2463 2588 2516 inec
2624 2457 3017 2514 assertionibus
3049 2456 3285 2509 humana
3317 2462 3433 2507 arte
3476 2466 3624 2522 quaa-

2035 2554 2152 2609 sitis
2183 2554 2354 2622 magis
2409 2566 2567 2621 quam
2610 2549 2840 2620 spiritali
2867 2548 3040 2620 gratia
3067 2555 3123 2602 et
3147 2544 3418 2600 intellectu
3448 2540 3623 2598 subti-

2034 2646 2169 2702 liore
2190 2645 2588 2716 defendas,per
2612 2644 2930 2713 sapientiam
2958 2641 3140 2696 carnis
3166 2638 3418 2695 inimicus
3449 2636 3624 2692 eﬂlce—
3691 2653 3696 2656 ·

2034 2737 2112 2791 ris
2140 2736 2267 2790 Deo.
2298 2735 2408 2790 Nec
2429 2736 2576 2793 solus
2607 2736 2709 2789 hoc
2732 2732 2930 2786 Paulus
2956 2731 3009 2784 in
3038 2730 3151 2785 suis
3175 2728 3372 2783 litteris
3399 2727 3621 2783 scribit:

2035 2827 2160 2881 audi
2190 2834 2246 2880 et
2269 2826 2528 2882 Jacobum
2560 2824 2784 2879 fratrem
2825 2822 3038 2876 Domini
3077 2819 3272 2876 similia
3320 2828 3627 2889 protestan-

2037 2926 2166 2983 tem,
2186 2932 2309 2972 cum
2338 2917 2496 2972 dicit:
2520 2914 2621 2981 Qui
2644 2913 2861 2970 uoluerit
2886 2911 3088 2966 amicus
3108 2926 3218 2965 esse
3239 2908 3420 2964 swculi
3443 2909 3625 2977 hujus,

2035 3008 2280 3063 inimicus
2312 3007 2408 3060 Dei
2438 3007 2779 3061 constituetur
2820 3000 3147 3074 (Jacob.1v).
3177 2999 3284 3055 Sed
3306 3008 3360 3054 et
3391 2998 3627 3054 Joannes

2036 3098 2188 3169 paria
2217 3104 2486 3154 testatur:
2517 3093 2724 3158 Filioli,
2757 3091 2916 3147 nolite
2943 3106 3125 3146 amare
3172 3089 3427 3147 mundum
3462 3105 3624 3159 neque

2036 3206 2097 3245 ea
2130 3204 2246 3260 qua:
2274 3189 2330 3241 in
2354 3186 2552 3241 mundo
2571 3193 2715 3249 sunt,
2740 3184 2992 3251 quoniam
3016 3198 3167 3237 omne
3187 3180 3328 3251 quod
3352 3182 3409 3236 in
3430 3180 3627 3235 mundo

2035 3291 2109 3336 est
2140 3278 2559 3350 concupiscentia
2588 3278 2762 3342 carnis
2790 3283 2887 3340 est,
2919 3283 2968 3328 et
3008 3273 3430 3344 concupiscentia
3452 3271 3631 3327 oculo-

2034 3389 2171 3434 rum,
2196 3381 2242 3425 et
2269 3358 2513 3442 superbia
2538 3370 2655 3427 vita:
2674 3384 2791 3438 qua:
2819 3383 2923 3421 non
2949 3375 3023 3421 est
3046 3381 3111 3420 ea:
3132 3364 3243 3418 Deo
3272 3362 3323 3434 (I
3351 3362 3513 3421 Joan.
3545 3364 3629 3436 ιι).

2033 3465 2202 3535 Igitur
2225 3464 2279 3517 in
2309 3478 2416 3532 quo
2444 3463 2561 3517 haec
2599 3468 2744 3524 sunt,
2774 3475 2882 3515 non
2906 3468 3084 3529 potest
3109 3459 3310 3514 habere
3344 3472 3533 3527 pacem
3563 3457 3632 3511 ad

2034 3554 2225 3627 Deum,
2243 3554 2335 3608 sed
2363 3567 2551 3608 rursus
2579 3550 2893 3607 inimicitias
2921 3549 3303 3617 suscitatillas,
3321 3563 3421 3618 pro
3436 3547 3633 3618 quibus

2036 3644 2307 3701 salvandis
2322 3643 2572 3701 Christus
2592 3638 3021 3710 advenit.(Aug.)
3034 3637 3347 3708 Justi/icati,
3365 3638 3563 3706 inquit,
3578 3638 3630 3691 in

2035 3738 2289 3807 sanguine
2312 3732 2795 3806 ipsiusJustiﬁcati
2823 3732 2984 3805 plane
3004 3731 3058 3785 in
3084 3746 3148 3787 eo
3174 3730 3317 3801 quod
3337 3745 3367 3783 a
3392 3729 3632 3800 peccatis

2036 3834 2289 3890 omnibus
2335 3831 2580 3887 liberati:
2609 3830 2821 3887 liberati
2849 3838 3033 3891 autem
3060 3844 3089 3884 a
3117 3827 3357 3898 peccatis
3377 3828 3631 3887 omnibus

2037 3924 2292 3996 quoniam
2314 3938 2412 3993 pro
2434 3921 2591 3985 nobis
2609 3930 2694 3976 est
2717 3921 2810 3975 Dei
2836 3919 3029 3985 Filius,
3044 3920 3135 3988 qui
3165 3917 3372 3974 nullum
3398 3917 3634 3973 habebat

2037 4024 2344 4087 peccatum,
2383 4012 2635 4081 accisus:
2669 4010 2807 4067 salvi
2870 4024 3002 4081 ergo
3041 4009 3244 4064 erimus
3282 4008 3350 4065 ab
3401 4008 3480 4063 ira
3535 4023 3633 4079 per

2038 4109 2239 4177 ipsum,
2267 4107 2336 4162 ab
2362 4105 2444 4161 ira
2472 4104 2658 4173 utique
2690 4102 2807 4167 Dei,
2839 4116 2959 4171 qua:
2988 4100 3123 4157 nihil
3154 4108 3239 4157 est
3267 4099 3412 4155 aliud
3466 4114 3630 4169 quam

2033 4197 2177 4266 justa
2202 4196 2461 4253 vindicta.
2491 4194 2606 4249 Non
2631 4193 2775 4251 enim
2807 4193 2948 4253 sicut
2972 4192 3208 4247 hominis
3235 4192 3401 4248 animi
3425 4201 3634 4263 pertur-

2037 4289 2186 4347 batio
2221 4296 2305 4345 est
2343 4290 2423 4343 ira
2460 4287 2576 4353 Dei,
2616 4285 2709 4343 sed
2762 4284 2904 4342 illius
2944 4285 3020 4339 ira
3077 4292 3193 4350 est,
3220 4283 3309 4339 cui
3358 4284 3490 4339 dicit
3528 4282 3633 4340 alio

2038 4381 2159 4438 loco
2193 4390 2378 4437 sancta
2416 4381 2697 4450 Scriptura
2730 4398 2743 4433 :
2774 4377 2853 4433 Tu
2877 4390 3051 4435 autem
3083 4378 3340 4433 Dominus
3384 4378 3632 4431 uirtutum

350 4498 444 4552 per
483 4482 767 4536 Dominum
795 4493 1032 4537 nostrum
1066 4484 1248 4539 Iesum
1279 4484 1565 4540 Christum.
1598 4487 1806 4558 (Amb.)
1832 4486 1935 4540 Pa-

2043 4492 2162 4529 cum
2214 4472 2597 4544 tranquillitate
2632 4471 2847 4542 judicas
2879 4468 3032 4540 (Sep.
3065 4467 3186 4541 xu).
3218 4468 3276 4525 Si
3312 4484 3441 4540 ergo
3484 4468 3631 4536 iusta

352 4590 469 4629 cem
497 4589 619 4629 cum
642 4574 753 4629 Deo
781 4576 981 4630 habere
1010 4575 1141 4631 ﬁdes
1173 4576 1300 4631 facit
1329 4593 1433 4632 non
1469 4578 1553 4631 lex
1589 4595 1602 4631 :
1637 4577 1752 4634 hac
1796 4578 1938 4633 enim
1966 4564 2009 4572 '
2047 4567 2225 4625 divina
2254 4567 2491 4622 vindicta
2524 4565 2629 4619 tale
2660 4580 2857 4619 nomen
2904 4564 3133 4632 accepit,
3160 4574 3215 4618 et
3236 4564 3351 4634 jam
3383 4564 3631 4618 reconci-

352 4681 451 4720 nos
483 4666 592 4721 Deo
612 4666 925 4721 reconciliat
950 4667 1176 4723 sublatis
1224 4670 1477 4739 peccatis,
1510 4685 1630 4740 qum
1680 4685 1780 4725 nos
1830 4670 1939 4725 Dco

356 4755 596 4810 fecerant
626 4756 874 4813 inimicos
905 4765 995 4812 :et
1017 4760 1142 4828 quia
1175 4759 1433 4816 Dominus
1456 4758 1615 4815 Jcsus
1636 4759 1796 4827 hujus
1823 4777 1942 4831 gra-

357 4845 444 4900 tia:
470 4845 717 4901 minister
745 4854 847 4911 est,
880 4861 975 4918 per
1024 4848 1196 4916 ipsum
1230 4848 1496 4917 paciﬁcati
1547 4865 1732 4904 sumus
1781 4850 1891 4903 Deo
1924 4867 1938 4903 :

355 4936 530 5006 major
573 4938 717 4993 enim
769 4938 920 5004 ﬁdes,
954 4954 1114 5009 quam
1161 4939 1245 4994 lex
1283 4949 1395 5006 est;
1450 4941 1533 4996 lex
1570 4943 1712 4997 enim
1757 4950 1939 4996 nostra

358 5045 521 5085 causa
562 5030 749 5084 salutis
775 5038 883 5094 est,
925 5030 1057 5085 ﬁdes
1110 5030 1227 5094 Dei,
1257 5040 1311 5084 et
1358 5031 1445 5085 lex
1496 5032 1564 5085 ad
1622 5041 1941 5102 praesentem

360 5121 699 5190 disciplinam
724 5122 979 5192 pertinet,
1017 5121 1149 5176 fides
1172 5136 1321 5186 vero,
1363 5122 1430 5176 ad
1463 5121 1688 5176 salutem
1713 5120 1945 5191 pertinet

361 5222 692 5281 perpetuam.
713 5213 818 5270 Sed
838 5214 928 5284 qui
952 5214 1017 5267 de
1040 5212 1257 5268 Christo
1278 5227 1384 5266 non
1408 5213 1481 5267 ita
1504 5212 1670 5269 sentit
1690 5220 1750 5265 ut
1761 5211 1943 5276 debet,

364 5304 433 5358 ad
458 5304 579 5358 ﬁdei
600 5307 820 5375 prmmia
850 5322 954 5360 non
985 5306 1189 5376 poterit
1211 5305 1515 5376 pervenire,
1534 5305 1658 5374 quia
1682 5302 1807 5358 fidei
1836 5318 1944 5357 non

363 5400 511 5447 teuct
529 5394 827 5450 veritatem.
863 5396 1062 5467 (0rig.)
1100 5395 1455 5466 Apertissime
1476 5411 1573 5466 per
1596 5396 1699 5450 hoc
1712 5394 1943 5465 eumqui

363 5483 629 5540 intellexit
662 5485 790 5554 quid
820 5488 891 5543 sit
920 5504 984 5542 ex
1015 5489 1120 5544 ﬁde
1146 5496 1200 5543 ct
1229 5504 1336 5544 non
1362 5503 1426 5544 ex
1463 5488 1719 5557 operibus
1742 5485 1943 5556 justiﬁ—

363 5578 501 5642 cari,
539 5576 605 5631 ad
658 5592 845 5646 pacem
895 5579 986 5633 Dei
1013 5596 1133 5649 qua:
1176 5593 1397 5652 superat
1433 5596 1649 5637 omnem
1681 5588 1942 5646 mentem,

365 5668 420 5722 in
441 5684 546 5738 qua
578 5676 633 5722 et
659 5683 866 5731 summa
916 5670 1262 5739 perfectionis
1290 5672 1559 5739 consistit,
1593 5672 1803 5727 invitat.
1841 5670 1949 5727 Sed

366 5770 426 5816 ut
483 5760 793 5832 diligentius
827 5775 1051 5831 sensum
1090 5764 1483 5835 perspiciamus
1522 5763 1789 5836 Apostoli,
1819 5762 1949 5835 quid

2046 4661 2197 4715 liatio
2218 4659 2313 4715 Dei
2328 4658 2596 4728 quomodo
2620 4666 2764 4711 recte
2780 4656 3121 4726 intelligitur,
3140 4656 3243 4710 nisi
3266 4671 3389 4710 cum
3408 4654 3530 4709 talis
3552 4655 3631 4708 ira

2048 4754 2267 4808 finitur?
2294 4751 2405 4813 Nec
2426 4751 2628 4805 inimici
2659 4764 2875 4805 eramus
2901 4750 3013 4804 Deo
3042 4749 3145 4803 nisi
3180 4747 3633 4819 quemadmodum

2042 4844 2267 4916 iustitiae
2293 4852 2417 4898 sunt
2443 4842 2659 4896 inimica
2686 4849 2939 4911 peccata,
2973 4839 3169 4910 quibus
3210 4839 3456 4895 remissis
3501 4839 3637 4893 tales

2048 4936 2343 4993 inimicitia:
2389 4936 2683 5000 liniuntur,
2714 4943 2770 4989 et
2827 4932 3246 4990 reconciliantur
3286 4932 3467 5003 justo,
3499 4947 3637 5001 quos

2052 5031 2166 5102 ipse
2180 5028 2445 5098 justiﬁcat
2468 5047 2479 5082 :
2503 5044 2639 5098 quos
2663 5035 2845 5081 tamen
2873 5025 3036 5081 etiam
3060 5025 3309 5079 inimicos
3340 5024 3529 5094 utique
3554 5026 3635 5079 di-

2052 5125 2202 5188 lexit,
2225 5124 2439 5193 quando
2469 5122 2684 5191 quidem
2708 5119 2844 5174 Filio
2864 5117 3085 5187 proprio
3109 5131 3217 5173 non
3246 5124 3510 5187 pepercn,
3541 5118 3637 5172 sed

2051 5232 2152 5286 pro
2182 5214 2336 5269 nobis
2377 5211 2629 5281 omnibus
2659 5226 2781 5264 cum
2810 5208 2989 5262 adhuc
3017 5206 3219 5262 inimici
3249 5221 3494 5262 essemus
3526 5215 3637 5261 tra»

2052 5305 2188 5360 didit
2213 5320 2357 5359 eum.
2390 5303 2559 5357 Recte
2600 5316 2728 5372 ergo
2775 5298 3062 5369 Apostolus
3098 5308 3316 5355 secutus
3347 5296 3589 5368 adjunxit
3619 5318 3631 5352 :

2054 5399 2116 5455 Si
2154 5398 2291 5452 enim
2318 5413 2436 5452 cum
2458 5395 2656 5449 inimici
2679 5411 2928 5460 essemus,
2956 5392 3273 5447 reconciliati
3295 5409 3478 5448 sumus
3500 5392 3635 5455 Deo,

2051 5508 2143 5562 per
2168 5499 2387 5544 mortem
2416 5486 2547 5542 Filii
2573 5488 2709 5558 ejus,
2737 5501 2835 5558 per
2856 5501 3023 5557 quam
3047 5485 3189 5540 facta
3217 5495 3301 5542 est
3326 5486 3416 5540 illa
3448 5484 3638 5539 remis-

2053 5582 2134 5637 sio
2156 5588 2525 5651 peccatorum,
2548 5578 2713 5634 multo
2735 5579 2907 5649 magis
2924 5577 3241 5632 reconciliati
3264 5575 3395 5633 salvi
3417 5577 3636 5641 erimus,

2054 5673 2109 5727 in
2131 5673 2238 5726 vita
2262 5671 2426 5742 ipsius
2450 5669 2621 5741 (Rom.
2652 5669 2795 5741 vm),
2834 5669 2888 5723 in
2917 5670 3023 5724 vita
3066 5668 3223 5734 salvi,
3252 5669 3343 5738 qui
3372 5682 3469 5737 per
3494 5682 3643 5721 mor-

2058 5775 2169 5824 tem
2202 5764 2556 5822 reconciliati.
2587 5763 2718 5833 Quis
2752 5762 2898 5818 enim
2929 5762 3139 5820 dubitet
3167 5750 3642 5817 'daturum'amicis
