4056 6336
448 312 586 368 1567

1033 314 1145 373 .‘B.
1186 311 1439 366 RABANI
1474 311 1694 369 MAURI
1733 310 2051 368 ARCHIEP.
2076 308 2407 367 ‘MOGUNT.
2442 310 2729 367 OPERUM
2764 310 2945 366 PARS
2980 310 3068 367 ΙΙΙι.
3130 326 3133 327 ⁷
3204 328 3207 331 ·

3590 316 3755 373 1568

445 427 613 482 vitam
643 440 797 500 suam
813 438 913 495 pro
940 423 1135 495 quibus
1165 424 1398 480 inimicis
1424 425 1572 481 dedit
1598 433 1827 482 mortem
1853 440 2029 481 suam.
2057 426 2112 488 Α
2136 424 2385 495 quoniam
2421 424 2522 495 ipsi
2545 424 2715 479 Deum
2766 425 3006 480 videbunt
3057 424 3274 497 (Matth.
3303 425 3380 498 v).
3425 428 3578 484 Tunc
3604 440 3757 486 eum

518 520 625 575 Per
650 535 801 590 quem
820 527 869 573 et
893 534 1160 573 accessum
1180 518 1428 573 habemus
1454 519 1511 573 in
1535 520 1962 589 gratiam-istam,
1978 520 2034 574 in
2132 519 2245 589 jam
2273 518 2544 590 aufugerit
2571 519 2725 574 dolor
2744 527 2798 574 et
2824 518 3048 574 tristitia
3069 527 3126 575 et
3151 520 3403 591 gemitus,
3435 530 3644 579 etcum
3669 539 3755 581 ea

443 632 548 685 qua
603 623 803 669 stamus
843 621 893 668 et
920 611 1211 683 gloriamur
1233 614 1290 666 in
1313 630 1402 682 spe
1426 612 1609 684 gloriae
1650 613 1884 682 ﬁliorum
1914 612 2032 667 Dei.

445 705 649 779 (Amb.)
681 702 1025 759 Manifestum
1054 711 1139 759 est
1163 718 1260 775 per
1280 703 1556 758 Christum
1584 720 1682 759 nos
1704 703 1909 758 aditum
1942 706 2037 759 ba-

444 799 574 854 bcre
597 798 665 852 ad
690 797 921 869 gratiam
952 795 1048 850 Dei
1073 813 1086 849 :
1117 795 1228 865 ipse
1250 804 1333 851 est
1353 795 1497 849 enim
1513 795 1718 850 arbiter
1746 794 1840 850 Dei
1866 804 1922 851 et
1947 797 2039 853 ho-

444 882 652 945 minum
690 889 780 958 qui
810 902 911 942 nos
958 886 1207 941 doctrina
1243 902 1341 941 sua
1387 886 1605 958 erigens
1643 901 1864 957 sperare
1909 885 2039 942 fecit

445 980 650 1034 donum
674 978 862 1049 gratia:
885 977 981 1033 Dei
1002 984 1205 1032 stantes
1226 976 1280 1031 in
1306 976 1411 1031 ﬁde
1443 975 1597 1044 ejus;
1647 976 1769 1031 ideo
1808 984 2034 1044 stantes,

445 1070 574 1140 quia
607 1069 759 1140 prius
789 1061 1094 1140 jaéuimus:
1120 1066 1404 1124 credentes
1429 1076 1613 1124 autem
1640 1069 1806 1123 erecti
1828 1084 2035 1135 sumus,

446 1160 741 1232 gloriantes
755 1159 809 1212 in
824 1173 920 1227 spe
949 1158 1209 1229 claritatis
1230 1173 1393 1227 quam
1416 1159 1667 1231 promisit
1695 1160 1836 1214 Deus
1857 1159 2049 1217 nobis-

447 1252 648 1325 (θήῃ.)
682 1252 962 1320 Quomodo
983 1266 1264 1307 accessum
1292 1252 1556 1311 habemus
1584 1252 1653 1308 ad
1680 1253 1929 1326 gratiam-
1940 1268 2039 1322 per

445 1344 731 1399 Dominum
755 1352 1001 1399 nostrum
1017 1343 1201 1399 Jesum
1225 1342 1523 1407 Christum,
1550 1345 1663 1414 ipse
1690 1344 1944 1400 Salvator
1963 1343 2040 1400 di-

445 1426 519 1491 cit
544 1453 558 1490 :
585 1435 695 1507 Ego
708 1452 827 1490 sum
841 1437 1052 1499 ostium,
1075 1444 1123 1488 et
1148 1451 1299 1489 nemo
1321 1436 1452 1490 venit
1477 1436 1545 1489 ad
1568 1433 1802 1501 Patrem,
1827 1438 1930 1491 nisi
1949 1454 2043 1507 per

443 1543 526 1581 me
551 1526 734 1594 (Joan.
764 1526 982 1598 x)-Per
1010 1525 1185 1595 ipsum
1215 1541 1345 1596 ergo
1377 1526 1469 1595 qui
1506 1525 1704 1580 ostium
1732 1534 1816 1581 est
1858 1542 2042 1582 acces-

447 1633 566 1672 sum
593 1617 855 1673 habemus
883 1617 952 1673 ad
982 1602 1255 1689 gratiam.
1285 1616 1393 1673 Sed
1427 1616 1709 1672 videamus
1751 1617 1910 1687 quale
1959 1626 2044 1673 est

2137 628 2258 684 quae
2297 612 2351 666 in
2393 611 2610 683 speculo
2638 627 2780 666 nunc
2824 611 3075 667 videntur
3102 620 3158 668 et
3196 612 3253 666 in
3280 613 3590 684 aenigmate,
3635 617 3750 673 de.

2137 714 2439 771 struentur,
2467 712 2520 760 ct
2547 704 2843 760 manebunt
2866 703 2955 758 illa
2980 718 3100 773 qua;
3123 714 3249 759 sunt
3274 703 3414 760 facie
3441 707 3509 761 ad
3536 706 3749 763 faciem

2140 799 2192 871 (Ι
2223 797 2345 853 Cor.
2378 797 2521 872 xui).
2543 797 2698 865 Quod
2718 798 2763 853 si
2786 797 2873 853 cui
2900 796 3038 852 forte
3067 798 3340 853 videbitur
3358 800 3488 856 huic
3520 804 3753 872 exposi-

2140 891 2273 946 tioni
2300 898 2500 945 nostra:
2525 890 2655 945 illud
2689 906 2721 946 e
2742 891 3022 946 contrario
3045 890 3208 961 objici
3235 908 3418 962 posse,
3445 895 3589 964 quod
3616 898 3753 965 ipse

2138 982 2429 1053 Apostolus
2467 982 2635 1038 dicit:
2681 982 2795 1037 Nos
2839 992 3014 1037 autem
3048 983 3274 1039 revelata
3305 985 3442 1054 facie
3491 986 3587 1042 Dei
3620 989 3753 1059 glo-

2139 1075 2275 1129 riam
2302 1074 2515 1129 Domini
2548 1073 2871 1143 speculantes
2915 1076 3098 1130 eadem
3128 1077 3359 1148 imagine
3390 1079 3753 1148 reformentur

2140 1165 2362 1235 agloria
2390 1166 2444 1219 in
2470 1164 2694 1235 gloriam
2734 1175 2984 1236 tanquam
3023 1165 3240 1220 Domini
3262 1169 3453 1238 spiritu
3490 1169 3574 1238 (11
3604 1169 3746 1224 Cor.

2139 1256 2243 1328 ιιι),
2282 1265 2337 1311 et
2364 1257 2512 1321 dicit,
2547 1258 2818 1328 quomodo
2845 1256 3021 1313 adhuc
3046 1273 3196 1328 spem
3241 1259 3429 1329 gloriae
3459 1263 3599 1331 gerit
3641 1263 3749 1331 qui

2140 1349 2379 1405 revelata
2403 1350 2514 1420 jam
2538 1349 2677 1404 facie
2699 1348 2969 1419 speculari
2992 1364 3050 1403 se
3077 1350 3208 1404 dicit
3234 1350 3466 1420 gloriam
3488 1350 3746 1417 Domini,

2142 1450 2196 1498 et
2222 1442 2393 1511 gloria
2417 1442 2469 1495 in
2499 1440 2727 1512 gloriam
2751 1440 3060 1495 reformari.
3089 1437 3225 1494 Vide
3245 1440 3291 1496 si
3316 1455 3603 1510 possumus
3632 1442 3749 1497 hoc

2143 1533 2302 1587 modo
2332 1532 2560 1595 solvere,
2593 1531 2739 1600 quod
2781 1528 3052 1599 objectum
3097 1538 3204 1596 est,
3234 1529 3568 1585 diﬂerentias
3605 1532 3746 1586 mihi

2142 1622 2434 1693 Apostolus
2478 1623 2707 1687 videtur
2742 1622 3037 1687 ostendere,
3086 1621 3406 1693 gloriarum,
3464 1630 3519 1676 et
3574 1622 3746 1676 aliam

446 1711 667 1775 ostium,
709 1718 785 1765 ut
821 1711 1055 1766 sciamus
1085 1709 1274 1780 quales
1301 1723 1422 1765 esse
1450 1709 1683 1764 debeant
1712 1709 1803 1778 qui
1833 1709 2042 1763 intrant
2072 1781 2106 1784 _
2144 1712 2309 1768 fuisse
2339 1713 2587 1784 gloriam,
2633 1727 2755 1783 qua).
2799 1710 2969 1783 Moysi
3002 1711 3308 1768 ministerio
3337 1712 3577 1768 revelata
3624 1722 3741 1777 est,

445 1816 544 1871 per
572 1802 770 1871 ipsum,
814 1809 868 1856 et
899 1816 1179 1856 accessum
1223 1800 1460 1855 habeant
1480 1798 1547 1852 ad
1588 1799 1838 1870 gratiam.
1890 1799 2036 1855 Istud
2070 1781 2116 1840 Β
2143 1805 2210 1860 de
2240 1781 2487 1874 qua—jam
2527 1804 2595 1873 in,
2636 1781 3006 1873 superioribus
3060 1803 3326 1870 diximus,
3375 1803 3535 1858 aliam
3568 1802 3750 1858 fuisse

446 1892 647 1947 ostium
674 1893 877 1947 veritas
905 1900 1008 1957 est,
1052 1899 1107 1945 et
1137 1905 1233 1960 per
1261 1891 1460 1947 ostium
1486 1891 1731 1946 veritatis
1766 1906 1873 1947 non
1913 1907 2040 1963 pos-

447 1994 579 2039 sunt
622 1984 848 2040 introire
901 1982 1332 2042 mendaces._Et
1360 1981 1586 2038 rursum
1638 1983 1784 2038 istud
1839 1984 2040 2038 ostium

441 2074 653 2145 iustitia
682 2084 781 2139 est,
819 2083 875 2131 et
898 2090 997 2145 per
1023 2075 1222 2130 ostium
1266 2074 1493 2145 iustitia:
1525 2091 1637 2131 non
1663 2075 2042 2147 ingrediuntur

446 2166 651 2237 iujusti.
700 2168 846 2222 Istud
879 2167 1078 2222 ostium
1111 2167 1243 2222 dicit
1270 2185 1281 2221 :
1337 2166 1534 2222 Discite
1573 2185 1605 2221 a
1636 2184 1719 2224 me
1739 2169 1866 2239 quia
1895 2169 2039 2222 mitis

447 2274 564 2313 sum
589 2268 636 2312 et
676 2257 887 2313 humilis
917 2258 1073 2313 corde
1120 2258 1337 2329 (Matth.
1386 2259 1487 2333 x1).
1544 2258 1650 2313 Per
1683 2260 1880 2315 ostium
1911 2275 2039 2330 ergo

446 2347 768 2404 humilitatis
805 2357 861 2405 et
889 2350 1320 2406 mansuetudinis
1359 2366 1462 2407 nec
1512 2351 1804 2406 iracundus
1856 2352 2038 2422 ingre-

447 2440 615 2507 ditur,
661 2456 761 2497 nec
791 2443 1077 2513 superbus.
1130 2443 1189 2498 Si
1218 2445 1339 2514 quis
1384 2444 1460 2498 ita
1488 2444 1691 2515 estqui
1740 2446 2039 2501 secundum

445 2532 689 2607 Apostoli
725 2537 949 2591 verbum
976 2550 1074 2606 per
1092 2536 1380 2591 Dominum
1400 2544 1646 2591 nostrum
1671 2536 1856 2593 Jesum
1882 2536 2039 2594 Chri-

445 2634 595 2684 stqu
640 2641 920 2683 accessum
963 2626 1077 2683 vult
1127 2625 1328 2682 habere
1357 2628 1411 2683 in
1454 2630 1685 2699 gratiam
1718 2631 1950 2697 Domini,
1982 2633 2039 2687 in

451 2732 558 2791 qua
594 2717 813 2786 Paulus,
842 2729 900 2775 et
936 2720 1098 2792 siqui
1131 2729 1259 2776 sunt
1286 2721 1490 2778 similes
1511 2723 1649 2794 ejus,
1685 2731 1831 2780 stare
1866 2739 1925 2779 se
1957 2723 2040 2779 di-

449 2815 544 2883 cit,
578 2822 792 2886 oportet
817 2831 942 2871 eum
970 2815 1037 2870 ab
1081 2815 1167 2870 his
1203 2817 1456 2872 omnibus
1486 2832 1607 2886 qua:
1645 2833 1807 2888 supra
1835 2833 2039 2873 memo-

451 2904 690 2964 ravimus
717 2923 837 2965 esse
863 2919 1172 2980 purgatum.
1203 2910 1483 2980 Alioquin,
1516 2926 1624 2965 non
1652 2911 1889 2980 patietur
1935 2911 2039 2967 hoc

448 3002 647 3056 ostium
682 3002 909 3057 introire
934 3017 1031 3071 per
1062 3016 1121 3057 se
1152 3018 1247 3058 eos
1278 3004 1369 3074 qui
1421 3019 1485 3059 ea
1516 3020 1638 3075 quze
1688 3022 1717 3058 a
1761 3017 1821 3060 se
1863 3005 2037 3061 aliena

449 3098 576 3144 sunt
603 3090 949 3160 gerunt,,sed
978 3093 1237 3147 continuo
1273 3094 1542 3149 clauditur
1580 3102 1636 3149 et
1667 3095 1897 3150 transire
1941 3110 2037 3165 per

447 3194 511 3238 se
537 3198 644 3237 non
679 3182 807 3237 sinit
832 3183 1145 3239 dissimiles
1176 3184 1298 3239 sibi.
1353 3185 1499 3240 Bene
1544 3195 1724 3241 autem
1752 3186 2040 3255 Apostolus

451 3273 651 3330 Paulus
690 3274 744 3329 in
776 3275 948 3343 gratia
993 3284 1139 3331 stare
1185 3292 1244 3331 se
1285 3276 1570 3346 dicit,qui
1610 3288 1664 3333 et
1707 3278 1834 3333 alibi
1860 3280 2034 3334 dixit:

450 3370 817 3424 Abundantius
863 3379 1037 3423 autem
1076 3388 1234 3442 quam
1289 3388 1465 3427 omnes
1510 3373 1590 3426 illi
1637 3354 1891 3438 laboravi,
1935 3391 2041 3431 non

450 3471 625 3516 autem
678 3477 769 3531 ego
804 3462 894 3516 sed
920 3463 1091 3532 gratia
1121 3462 1218 3518 Dei
1244 3480 1443 3519 mecum
1485 3464 1539 3536 (Ι
1569 3464 1692 3520 Cor.
1725 3465 1837 3538 xv).
1891 3466 2041 3524 Unde

450 3555 496 3610 si
519 3555 640 3623 quis
666 3562 749 3609 est
769 3555 906 3611 alius
932 3556 1024 3626 qui
1048 3556 1319 3613 laboraret
1339 3558 1723 3624 abundantius,
1741 3569 1795 3615 et
1815 3561 1905 3630 qui
1933 3561 2043 3633 glo-

451 3646 624 3700 rietur
658 3646 712 3700 in
758 3645 1164 3703 infirmitatibus
1198 3649 1328 3711 suis,
1375 3650 1466 3720 qui
1507 3651 1560 3704 in
1590 3652 1848 3720 periculis
1898 3667 2041 3722 saepe

448 3748 725 3806 versetur,
766 3741 1022 3811 periculis
1051 3743 1239 3808 maris,
1277 3743 1534 3812 periculis
1562 3742 1863 3813 fluminum,
1895 3747 2040 3815 peria

448 3831 585 3887 culis
612 3831 902 3896 latronum,
932 3833 1187 3902 periculis
1213 3834 1267 3888 in
1310 3833 1461 3889 falsis
1492 3833 1754 3890 fratribus
1801 3833 1889 3906 (II
1912 3833 2036 3890 Cor.

447 3925 547 3998 χι),
572 3935 628 3980 et
654 3926 707 3980 in
737 3927 822 3981 his
848 3926 1101 3983 omnibus
1131 3936 1237 3982 stet
1261 3942 1475 3998 semper
1503 3928 1557 3983 in
1585 3928 1708 3994 ﬁde,
1753 3928 1858 3984 iste
1883 3928 2037 3983 simi-

446 4015 574 4071 liter
620 4025 768 4073 stare
795 4019 997 4073 dicitur
1025 4019 1078 4074 in
1103 4019 1300 4090 gratia.
1359 4018 1467 4074 Sed
1513 4008 1741 4089 etquod
1770 4019 2037 4091 sequitur,

448 4108 496 4153 et
544 4100 836 4170 gloriamur
878 4105 934 4157 in
955 4120 1045 4174 spe
1080 4104 1264 4174 gloria:
1293 4103 1413 4169 Dei,
1437 4105 1597 4174 quale
1640 4106 1713 4161 sit
1735 4107 2037 4161 videamus.

450 4190 632 4249 Movet
657 4209 869 4249 mecur
908 4211 1019 4250 non
1046 4195 1244 4251 dixerit
1273 4194 1493 4266 gloriari
1534 4211 1593 4252 se
1641 4197 1697 4251 in
1721 4197 1891 4267 gloria
1918 4197 2037 4263 Dei,

450 4282 545 4337 sed
573 4283 629 4338 in
645 4300 735 4354 spe
762 4283 945 4354 gloria:
970 4284 1108 4338 Dei:
1131 4286 1187 4339 in
1214 4302 1323 4356 quo
1353 4287 1543 4342 deesse
1577 4288 1794 4357 quidem
1833 4289 2041 4359 aliquid

449 4372 771 4427 elocutionis
808 4374 1053 4440 videtur,
1088 4375 1164 4430 ita
1203 4384 1262 4428 ut
1307 4375 1587 4431 subaudiri
1616 4377 1830 4444 debeat,
1870 4381 1927 4433 in
1952 4397 2040 4451 spe

2141 1912 2262 1967 quae
2286 1896 2342 1950 in
2373 1896 2607 1950 adventu
2647 1893 2850 1949 carnali
2881 1893 3180 1949 Salvatoris
3205 1894 3509 1951 ministrata
3538 1902 3642 1960 est,
3673 1895 3750 1949 de

2141 2003 2247 2060 qua
2276 1988 2407 2043 dicit
2432 1996 2487 2043 et
2531 1986 2770 2042 Joannes
2808 1987 2858 2041 in
2890 1986 3215 2057 Evangelio:
3258 1985 3328 2040 Et
3364 1987 3586 2041 vidimus
3629 1987 3750 2057 glo-

2143 2083 2276 2135 riam
2300 2081 2434 2151 ejus,
2462 2078 2684 2151 gloriam
2712 2089 2963 2150 tanquam
3007 2079 3258 2149 unigeniti
3281 2096 3315 2132 a
3347 2077 3510 2133 Patre
3529 2078 3751 2149 plenum

2141 2173 2327 2244 gratia:
2362 2183 2412 2226 et
2438 2173 2671 2227 veritatis
2698 2171 2879 2243 (Joan.
2911 2171 2971 2241 ι),
3005 2173 3071 2225 de
3119 2187 3224 2241 qua
3271 2172 3443 2241 gloria
3477 2188 3582 2225 non
3613 2187 3754 2241 pos-

2142 2280 2329 2320 sumus
2355 2264 2537 2319 dicere
2574 2263 2719 2333 quod
2754 2264 2870 2333 ipsa
2893 2264 2984 2326 sit,
3013 2279 3133 2334 quae
3164 2262 3432 2333 speranda
3465 2272 3565 2325 est,
3596 2263 3753 2317 hanc

2139 2355 2284 2411 enim
2308 2355 2510 2409 vidisse
2533 2368 2592 2409 se
2632 2354 2816 2409 dicunt
2846 2354 3094 2424 apostoli,
3118 2354 3182 2409 'et
3214 2368 3345 2407 vera
3370 2362 3456 2408 est
3504 2353 3589 2407 illa
3620 2368 3754 2407 sen-

2143 2449 2334 2514 tentia,
2366 2462 2487 2517 quaz
2513 2446 2643 2502 dicit
2669 2464 2682 2501 :
2731 2445 2885 2512 Quod
2914 2446 3052 2499 enim
3074 2445 3208 2500 videt
3238 2445 3374 2516 quis,
3402 2444 3528 2517 quid
3562 2454 3748 2514 sperat

2143 2540 2323 2613 (qu.
2358 2538 2501 2609 vni).
2545 2537 2639 2592 Illa
2677 2551 2808 2592 vera
2837 2536 3031 2608 gloria,
3081 2552 3203 2607 quae
3230 2535 3501 2607 speranda
3532 2546 3637 2600 est,
3669 2536 3745 2590 de

2141 2646 2247 2701 qua
2272 2632 2438 2686 etiam
2467 2630 2521 2684 in
2542 2628 2796 2700 praesenti
2824 2629 2943 2683 loco
2971 2628 3103 2683 dicit
3130 2626 3421 2697 Apostolus
3446 2626 3741 2697 gloriﬁcari

2142 2737 2199 2777 se
2224 2722 2283 2776 in
2318 2737 2414 2791 spe
2440 2719 2624 2791 gloria:
2646 2720 2763 2785 Dei,
2796 2726 2974 2790 potest
3003 2719 3121 2790 ipsa
3154 2718 3400 2789 intelligi,
3430 2718 3497 2773 de
3522 2732 3626 2788 qua
3649 2717 3736 2770 di-

2141 2812 2217 2868 cit
2246 2810 2494 2867 Salvator
2528 2811 2584 2865 in
2628 2804 2955 2881 Evangelio:
2988 2806 3121 2863 Cum
3148 2808 3347 2863 venerit
3384 2806 3529 2876 ﬁlius
3564 2805 3733 2859 homi-

2141 2905 2223 2959 nis
2263 2904 2321 2958 in
2363 2902 2532 2974 gloria
2561 2900 2742 2956 Patris
2772 2910 2820 2954 et
2847 2908 3152 2954 sanctorum
3178 2896 3484 2969 angeloyum
3534 2894 3727 2962 (Mare.

2140 2996 2283 3068 vni).
2331 2995 2487 3064 Quod
2515 3003 2698 3049 autem
2746 2993 2883 3048 dixit
2909 2992 3077 3064 patris
3102 3001 3151 3046 et
3177 3000 3479 3046 sanctorum
3526 2986 3733 3058 angelo—

2143 3105 2282 3155 rum,
2314 3103 2421 3142 non
2451 3087 2596 3159 quod
2636 3086 2733 3141 Dei
2773 3085 2956 3140 Patris
2983 3093 3041 3141 et
3062 3083 3377 3155 angelorum
3404 3096 3582 3157 unam
3609 3094 3733 3135 esse

2143 3180 2368 3253 gloriam
2400 3180 2565 3247 dicat,
2599 3179 2694 3234 sed
2719 3179 2823 3234 hoc
2850 3177 2978 3230 mihi
3000 3176 3215 3231 videtur
3239 3174 3557 3238 ostendere,
3589 3172 3734 3243 quod

2145 3274 2259 3329 istm
2293 3273 2495 3345 gloriae,
2524 3286 2644 3341 quae
2687 3270 2774 3326 vel
2803 3285 2902 3340 per
2930 3269 3146 3340 Moysen
3188 3267 3485 3339 prioribus,
3518 3265 3602 3320 vel
3633 3281 3735 3321 no-

2143 3365 2225 3421 bis
2254 3382 2354 3436 per
2399 3365 2690 3420 adventum
2733 3362 2915 3418 carnis
2940 3360 3142 3416 Christi
3188 3359 3378 3415 delatze
3424 3367 3579 3424 sunt,
3624 3372 3737 3412 non

2142 3457 2358 3512 fuerunt
2379 3455 2694 3528 angelorum
2717 3494 2732 3520 ,
2760 3454 2855 3509 sed
2885 3453 3163 3507 hominum
3192 3449 3562 3515 :Abominibus
3591 3448 3744 3504 enim

2145 3549 2462 3604 ministrata:
2492 3542 2639 3601 sunt
2687 3554 2742 3600 et
2771 3544 2990 3600 fuerunt
3023 3542 3142 3613 ejus
3168 3556 3437 3597 mensum
3462 3555 3601 3610 quas
3644 3555 3743 3594 ea.

2141 3653 2269 3711 pere
2302 3639 2551 3693 homines
2575 3637 2825 3707 possint;
2873 3634 2963 3689 illa
3006 3648 3138 3687 vero
3183 3633 3237 3686 in
3291 3647 3394 3701 qua
3456 3630 3601 3685 ﬁlius
3642 3630 3746 3684 ho-

2142 3731 2305 3785 minis
2330 3730 2396 3784 ad
2418 3714 2682 3800 judicium
2711 3726 2898 3782 mundi
2926 3733 3190 3780 venturus
3230 3733 3315 3778 est
3349 3720 3522 3793 gloria
3564 3720 3745 3791 patris

2144 3816 2300 3879 tanta
2325 3822 2452 3887 erit,
2472 3826 2613 3890 qua:
2638 3835 2669 3874 a
2694 3818 2825 3875 solis
2865 3818 3071 3888 angelis
3104 3817 3223 3886 capi
3253 3815 3425 3886 possit
3452 3831 3469 3881 ;
3527 3814 3575 3870 si
3605 3828 3743 3884 vero

2143 3914 2308 3969 etiam
2339 3921 2650 3969 sanctorum
2675 3911 2842 3981 aliqui
2876 3925 3104 3982 capaces
3129 3910 3273 3965 illius
3300 3909 3487 3982 glorias
3511 3907 3744 3963 exstite-

2144 4006 2276 4073 rint,
2328 4005 2403 4060 illi
2445 4005 2701 4059 nimirum
2729 4012 2913 4069 erunt,
2968 4003 3035 4059 de
3080 4002 3278 4073 quibus
3319 4001 3557 4066 dicitur,
3606 4001 3740 4072 quia

2140 4108 2293 4153 erunt
2327 4099 2464 4152 sicut
2510 4096 2682 4169 angeli
2723 4095 2818 4150 Dei
2868 4094 3083 4169 (Matth.
3129 4094 3303 4165 χχιι),
3352 4101 3407 4147 et
3441 4094 3544 4147 hoc
3573 4092 3739 4148 modo

2140 4204 2290 4251 recte
2321 4195 2389 4249 de
2421 4192 2605 4249 futura
2643 4191 2813 4263 gloria
2842 4207 2963 4261 qua:
2982 4190 3257 4261 _speranda
3286 4197 3390 4253 est,
3421 4188 3622 4242 dictum
3648 4186 3736 4240 vi-

2141 4288 2316 4350 detur,
2348 4285 2494 4356 quod
2516 4284 2660 4339 ﬁlius
2699 4283 2934 4338 hominis
2964 4283 3147 4339 veniat
3176 4282 3229 4336 in
3262 4279 3431 4353 gloria
3460 4279 3635 4351 patris
3677 4286 3739 4333 et

2141 4385 2453 4433 sanctorum
2488 4373 2822 4446 angelorum,
2850 4373 2905 4429 id
2930 4384 3030 4437 est,
3056 4373 3182 4442 quia
3207 4389 3313 4427 non
3336 4386 3454 4427 eam
3486 4370 3738 4425 homines

448 4463 697 4519 videndae
722 4463 905 4533 gloria:
933 4464 1050 4520 Dei.
1075 4466 1279 4522 Edocet
1307 4477 1485 4525 autem
1514 4485 1616 4526 nos
1642 4485 1741 4540 per
1768 4473 1904 4538 haec,
1936 4473 2041 4528 sic-
2065 4502 2118 4563 Β
2145 4467 2366 4534 terreni,
2411 4466 2521 4531 sed
2558 4466 2733 4522 sancti
2779 4465 2955 4536 angeli
3000 4479 3196 4536 capere
3226 4473 3542 4519 mereantur
3570 4480 3582 4515 :
3632 4477 3736 4532 pro

448 4563 515 4611 ut
533 4562 591 4609 et
615 4553 731 4625 ipse
757 4553 885 4611 alibi
915 4556 1048 4611 dicit
1089 4555 1175 4628 (11
1206 4557 1328 4612 Cor.
1379 4558 1479 4631 ιν),
1509 4559 1649 4626 Quia
1678 4578 1795 4634 qua:
1818 4579 2039 4633 speran-
2065 4553 2110 4563 ’⁷
2143 4559 2446 4630 capacitate
2480 4557 2696 4625 etenim
2743 4556 3007 4612 mentium
3056 4556 3335 4627 dispensat
3384 4556 3525 4611 Deus
3565 4555 3733 4610 etiam

447 4653 538 4703 tur
583 4653 801 4700 atterunt
830 4656 995 4712 sunt,
1022 4664 1141 4719 qua:
1188 4658 1364 4705 autem
1417 4651 1658 4707 videntur
1704 4655 2037 4725 temporalia.

449 4736 588 4794 Nam
606 4737 810 4795 vidisse
842 4738 1043 4794 dicitur
1068 4748 1124 4795 et
1154 4739 1372 4812 Moyses
1400 4741 1626 4813 gloriam
1654 4745 1750 4800 Dei
1776 4762 1791 4811 ;
1820 4747 2040 4803 vidisse

450 4831 650 4888 dicitur
692 4839 748 4887 et
788 4830 1037 4902 populus
1066 4833 1121 4887 in
1150 4834 1567 4892 consecratione
1601 4836 1794 4892 domus
1825 4838 2041 4894 Domini

449 4925 676 4998 gloriam
698 4926 793 4991 Dei
816 4925 1004 4983 lsraeL
1037 4926 1143 4981 Sed
1169 4935 1224 4982 et
1250 4927 1319 4983 de
1355 4928 1664 5000 hujusmodi
1695 4928 1865 5002 gloria
1916 4946 2036 5001 quas

447 5016 631 5081 videri
664 5016 862 5087 potuit,
886 5062 891 5069 .
912 5031 1078 5074 ausus
1104 5026 1188 5073 est
1210 5016 1432 5085 Paulus,
1478 5021 1569 5088 qui
1598 5029 1717 5075 erat
1742 5022 2032 5092 mysterio-

446 5122 573 5169 rum
602 5108 696 5166 Dei
740 5124 966 5181 gnarus,
1014 5110 1369 5179 pronuntiare
1414 5112 1557 5182 quod
1604 5112 1692 5168 illa
1726 5112 1897 5182 gloria
1942 5114 2036 5170 de-

449 5208 710 5266 struetur,
740 5216 864 5271 quae
886 5203 1051 5257 etiam
1074 5202 1130 5261 in
1178 5202 1328 5257 vultu
1356 5202 1531 5275 Moysi
1557 5204 1865 5259 videbatur.
1908 5203 2036 5261 Haec

446 5299 634 5351 autem
657 5290 827 5362 gloria
851 5307 969 5362 quae
996 5300 1266 5363 speratur,
1287 5293 1354 5350 de
1376 5309 1483 5364 qua
1510 5294 1640 5350 dicit
1667 5296 1721 5349 in
1739 5313 1825 5367 spe
1853 5296 2036 5367 glorias

446 5383 569 5448 Dei,
613 5398 890 5453 nunquam
935 5385 1260 5442 destruetur.
1293 5386 1391 5441 Est
1441 5386 1588 5442 enim
1633 5387 1775 5454 talis,
1820 5388 1886 5443 de
1923 5404 2030 5458 qua

450 5475 593 5531 idem
621 5472 910 5544 Apostolus
958 5476 1090 5533 dicit
1134 5476 1361 5549 loquens
1396 5477 1465 5534 de
1491 5476 1710 5535 Christo
1750 5499 1764 5535 :
1799 5480 1903 5546 Qui
1930 5492 2027 5549 est,

448 5568 644 5639 inquit,
695 5566 939 5637 splendor
956 5568 1138 5638 gloria:
1175 5580 1223 5624 et
1246 5572 1422 5642 ﬁgura
1444 5588 1688 5643 expressa
1718 5572 2030 5630 substantia:

450 5659 564 5729 ejus
592 5657 750 5733 (Heb.
781 5658 843 5730 ι).
898 5658 1071 5728 Hujus
1099 5660 1285 5730 gloria:
1314 5678 1443 5734 ergo
1478 5664 1724 5720 videnda:
1760 5679 1911 5734 spem
1937 5681 2030 5737 ge-

454 5762 583 5811 runt
605 5754 684 5820 bi,
728 5754 795 5811 de
820 5752 1019 5823 quibus
1040 5751 1245 5811 dictum
1269 5763 1386 5812 est:
1435 5755 1589 5813 Beati
1626 5758 1820 5813 mundo
1849 5758 2026 5824 corde,

2143 4652 2545 4725 magnitudines
2588 4650 2904 4723 gloriarum,
2960 4648 3056 4705 sed
3083 4650 3243 4715 sicut,
3291 4648 3456 4703 istam
3504 4646 3731 4719 gloriam

2142 4744 2522 4816 quamvidisse
2536 4726 2596 4798 se
2612 4743 2840 4812 apostoli
2855 4743 2908 4797 in
2928 4741 3220 4813 Evangelio
3258 4741 3468 4807 dicunt,
3502 4738 3728 4811 gloriam

2142 4845 2392 4907 tanquam
2435 4834 2689 4905 unigeniti
2713 4852 2746 4887 a
2763 4833 2925 4888 Patre
2946 4833 3159 4904 plenum
3182 4833 3369 4904 gratia:
3397 4840 3447 4885 et
3466 4830 3725 4885 veritatis.

2140 4982 2143 4983 ν
2213 4928 2340 4983 Νοη
2360 4926 2553 4993 solum,
2581 4926 2743 4998 sedet
2767 4925 3059 4997 gloriamur
3097 4925 3153 4979 in
3173 4916 3600 4980 tribulationibus
3629 4937 3726 4975 no-

2137 5021 2283 5076 stris.
2320 5018 2503 5089 (Aug.)
2544 5017 2697 5085 Quod
2738 5026 2918 5073 autem
2949 5018 3044 5084 ait,
3080 5034 3184 5072 non
3216 5017 3387 5072 solum
3415 5025 3611 5083 autem,
3636 5015 3726 5068 sed

2138 5125 2185 5170 et
2215 5112 2508 5185 gloriamur
2534 5112 2588 5164 in
2617 5110 3068 5176 tribulationibus,
3118 5120 3173 5166 et
3205 5121 3426 5175 caetera,
3461 5108 3727 5180 gradatim

2134 5204 2383 5275 perducit
2412 5217 2581 5273 usque
2604 5202 2673 5257 ad
2702 5202 3024 5259 charitatem
3062 5203 3179 5267 Dei,
3210 5218 3374 5273 quam
3402 5200 3723 5255 cbaritateni

2140 5297 2271 5352 dicit
2299 5312 2396 5351 nos
2447 5294 2649 5352 habere
2677 5310 2776 5364 per
2802 5296 3003 5350 donum
3033 5292 3285 5365 Spiritus.
3333 5290 3599 5348 Monstrat
3635 5290 3725 5345 illa

2137 5390 2318 5445 omnia
2353 5404 2472 5459 qua:
2516 5403 2807 5460 possumus
2862 5403 2962 5443 nos
3003 5388 3241 5443 tribuere
3294 5387 3406 5443 Deo
3457 5399 3582 5440 esse
3625 5384 3724 5438 tri-

2138 5482 2372 5548 buenda,
2407 5484 2500 5551 qui
2542 5481 2804 5551 Spiritum
2851 5490 3098 5537 sanctum
3138 5497 3238 5552 per
3263 5480 3493 5552 gratiam
3522 5478 3726 5533 donare

2138 5574 2388 5645 dignatus
2410 5582 2515 5639 est,
2563 5572 2809 5645 quoniam
2849 5589 2943 5643 per
2978 5556 3344 5628 tribulatione:
3385 5580 3588 5641 oportet
3631 5584 3725 5622 nos

2120 5660 2352 5720 'introire
2385 5666 2441 5719 in
2464 5682 2679 5737 regnum
2704 5664 2802 5720 Dei
2832 5664 2973 5737 (Aet.
3004 5664 3176 5738 xxrv),
3215 5666 3448 5735 ideoque
3471 5672 3528 5719 et
3554 5662 3610 5718 in
3639 5662 3727 5719 bis

2134 5756 2475 5824 gloriandum
2530 5757 2704 5812 docet.
2776 5756 2904 5826 Spei
2964 5765 3147 5814 autem
3209 5758 3390 5816 addita
3445 5752 3727 5813 tribulatio
