  <div class='ocr_page' id='page_1' title='image "/cluster/home/n/w/nwhite01/storage/ocr_20150623/111/hvd.32044009716333/692.png"; bbox 0 0 4056 6336; ppageno 0'>
   <div class='ocr_carea' id='block_1_1' title="bbox 305 314 501 371">
    <p class='ocr_par' dir='ltr' id='par_1_1' title="bbox 305 314 501 371">
     <span class='ocr_line' id='line_1_1' title="bbox 305 314 501 371; baseline 0.015 -3"><span class='ocrx_word' id='word_1_1' title='bbox 305 314 501 371; x_wconf 69' lang='grc'>1⁸569</span> 
     </span>
    </p>
   </div>
   <div class='ocr_carea' id='block_1_2' title="bbox 886 286 3077 381">
    <p class='ocr_par' dir='ltr' id='par_1_2' title="bbox 886 286 3077 381">
     <span class='ocr_line' id='line_1_2' title="bbox 886 286 3077 381; baseline 0.004 -12"><span class='ocrx_word' id='word_1_2' title='bbox 886 286 1433 373; x_wconf 67' lang='lat' dir='ltr'><strong>ENARRATIONUM</strong></span> <span class='ocrx_word' id='word_1_3' title='bbox 1468 315 1535 371; x_wconf 86' lang='lat' dir='ltr'><strong>IN</strong></span> <span class='ocrx_word' id='word_1_4' title='bbox 1572 315 1723 372; x_wconf 87' lang='lat' dir='ltr'><strong>EPP.</strong></span> <span class='ocrx_word' id='word_1_5' title='bbox 1764 318 1972 378; x_wconf 82' lang='lat' dir='ltr'><strong>PAULI</strong></span> <span class='ocrx_word' id='word_1_6' title='bbox 2011 321 2139 378; x_wconf 85' lang='lat' dir='ltr'><strong>LIB.</strong></span> <span class='ocrx_word' id='word_1_7' title='bbox 2180 288 2285 378; x_wconf 32' lang='lat' dir='ltr'><strong>IIl.‘</strong></span> <span class='ocrx_word' id='word_1_8' title='bbox 2309 352 2380 363; x_wconf 91' lang='lat'><strong>--</strong></span> <span class='ocrx_word' id='word_1_9' title='bbox 2416 321 2483 378; x_wconf 87' lang='lat' dir='ltr'><strong>IN</strong></span> <span class='ocrx_word' id='word_1_10' title='bbox 2520 321 2741 381; x_wconf 85' lang='lat' dir='ltr'><strong>EPIST.</strong></span> <span class='ocrx_word' id='word_1_11' title='bbox 2782 325 2874 378; x_wconf 84' lang='lat' dir='ltr'><strong>AD</strong></span> <span class='ocrx_word' id='word_1_12' title='bbox 2910 323 3077 381; x_wconf 79' lang='lat' dir='ltr'><strong>ROM.</strong></span> 
     </span>
    </p>
   </div>
   <div class='ocr_carea' id='block_1_3' title="bbox 3498 329 3637 387">
    <p class='ocr_par' dir='ltr' id='par_1_3' title="bbox 3498 329 3637 387">
     <span class='ocr_line' id='line_1_3' title="bbox 3498 329 3637 387; baseline 0.022 -3"><span class='ocrx_word' id='word_1_13' title='bbox 3498 329 3637 387; x_wconf 75' lang='grc'><strong>1570</strong></span> 
     </span>
    </p>
   </div>
   <div class='ocr_carea' id='block_1_4' title="bbox 300 402 3638 506">
    <p class='ocr_par' dir='ltr' id='par_1_4' title="bbox 300 402 3638 506">
     <span class='ocr_line' id='line_1_4' title="bbox 300 402 3638 506; baseline 0.005 -25"><span class='ocrx_word' id='word_1_14' title='bbox 300 432 706 498; x_wconf 79' lang='lat' dir='ltr'><strong>augmentum</strong></span> <span class='ocrx_word' id='word_1_15' title='bbox 737 423 866 480; x_wconf 87' lang='lat' dir='ltr'><strong>facit</strong></span> <span class='ocrx_word' id='word_1_16' title='bbox 898 424 1106 495; x_wconf 77' lang='lat' dir='ltr'><strong>praemii</strong></span> <span class='ocrx_word' id='word_1_17' title='bbox 1136 443 1148 478; x_wconf 89' lang='lat'><strong>:</strong></span> <span class='ocrx_word' id='word_1_18' title='bbox 1205 425 1363 480; x_wconf 81' lang='lat' dir='ltr'><strong>index</strong></span> <span class='ocrx_word' id='word_1_19' title='bbox 1387 428 1532 480; x_wconf 90' lang='lat' dir='ltr'><strong>enim</strong></span> <span class='ocrx_word' id='word_1_20' title='bbox 1557 402 1818 498; x_wconf 68' lang='lat' dir='ltr'><strong>tixzespei</strong></span> <span class='ocrx_word' id='word_1_21' title='bbox 1847 428 1944 483; x_wconf 84' lang='lat' dir='ltr'><strong>tri-</strong></span> <span class='ocrx_word' id='word_1_22' title='bbox 1969 434 2025 496; x_wconf 75' lang='grc' dir='ltr'>Α</span> <span class='ocrx_word' id='word_1_23' title='bbox 2049 439 2155 496; x_wconf 86' lang='lat' dir='ltr'><strong>tur,</strong></span> <span class='ocrx_word' id='word_1_24' title='bbox 2180 432 2274 487; x_wconf 90' lang='lat' dir='ltr'><strong>sed</strong></span> <span class='ocrx_word' id='word_1_25' title='bbox 2304 448 2403 503; x_wconf 90' lang='lat' dir='ltr'><strong>per</strong></span> <span class='ocrx_word' id='word_1_26' title='bbox 2428 433 2662 505; x_wconf 90' lang='lat' dir='ltr'><strong>gratiam</strong></span> <span class='ocrx_word' id='word_1_27' title='bbox 2688 436 2863 490; x_wconf 86' lang='lat' dir='ltr'><strong>sancti</strong></span> <span class='ocrx_word' id='word_1_28' title='bbox 2900 434 3134 506; x_wconf 72' lang='lat' dir='ltr'><strong>Spiritus</strong></span> <span class='ocrx_word' id='word_1_29' title='bbox 3160 434 3485 494; x_wconf 72' lang='lat' dir='ltr'><strong>infunditur.</strong></span> <span class='ocrx_word' id='word_1_30' title='bbox 3511 440 3638 499; x_wconf 66' lang='lat' dir='ltr'><strong>Haec</strong></span> 
     </span>
    </p>
   </div>
   <div class='ocr_carea' id='block_1_5' title="bbox 303 516 1940 587">
    <p class='ocr_par' dir='ltr' id='par_1_5' title="bbox 303 516 1940 587">
     <span class='ocr_line' id='line_1_5' title="bbox 303 516 1940 587; baseline 0 -15"><span class='ocrx_word' id='word_1_31' title='bbox 303 518 563 573; x_wconf 82' lang='lat' dir='ltr'><strong>bulatio</strong></span> <span class='ocrx_word' id='word_1_32' title='bbox 591 526 691 581; x_wconf 86' lang='lat' dir='ltr'><strong>est,</strong></span> <span class='ocrx_word' id='word_1_33' title='bbox 743 532 864 587; x_wconf 67' lang='lat' dir='ltr'><strong>quae</strong></span> <span class='ocrx_word' id='word_1_34' title='bbox 895 516 1261 571; x_wconf 88' lang='lat' dir='ltr'><strong>testimonium</strong></span> <span class='ocrx_word' id='word_1_35' title='bbox 1290 518 1539 586; x_wconf 89' lang='lat' dir='ltr'><strong>perhibet</strong></span> <span class='ocrx_word' id='word_1_36' title='bbox 1564 518 1632 573; x_wconf 89' lang='lat' dir='ltr'><strong>ad</strong></span> <span class='ocrx_word' id='word_1_37' title='bbox 1661 535 1940 574; x_wconf 85' lang='lat' dir='ltr'><strong>coronam.</strong></span> 
     </span>
    </p>
   </div>
   <div class='ocr_carea' id='block_1_6' title="bbox 316 607 1943 680">
    <p class='ocr_par' dir='ltr' id='par_1_6' title="bbox 316 607 1943 680">
     <span class='ocr_line' id='line_1_6' title="bbox 316 607 1943 680; baseline -0.001 -15"><span class='ocrx_word' id='word_1_38' title='bbox 316 608 517 665; x_wconf 81' lang='lat' dir='ltr'><strong>Unde</strong></span> <span class='ocrx_word' id='word_1_39' title='bbox 539 609 798 664; x_wconf 88' lang='lat' dir='ltr'><strong>Dominus</strong></span> <span class='ocrx_word' id='word_1_40' title='bbox 823 608 898 662; x_wconf 91' lang='lat' dir='ltr'><strong>ait</strong></span> <span class='ocrx_word' id='word_1_41' title='bbox 923 626 935 662; x_wconf 91' lang='lat'><strong>:</strong></span> <span class='ocrx_word' id='word_1_42' title='bbox 978 607 1129 661; x_wconf 91' lang='lat' dir='ltr'><strong>Beati</strong></span> <span class='ocrx_word' id='word_1_43' title='bbox 1178 608 1323 661; x_wconf 83' lang='lat' dir='ltr'><strong>eritis</strong></span> <span class='ocrx_word' id='word_1_44' title='bbox 1366 625 1484 662; x_wconf 86' lang='lat' dir='ltr'><strong>cum</strong></span> <span class='ocrx_word' id='word_1_45' title='bbox 1514 626 1601 663; x_wconf 87' lang='lat' dir='ltr'><strong>vos</strong></span> <span class='ocrx_word' id='word_1_46' title='bbox 1630 625 1943 680; x_wconf 86' lang='lat' dir='ltr'><strong>persequen-</strong></span> 
     </span>
    </p>
   </div>
   <div class='ocr_carea' id='block_1_7' title="bbox 310 696 1946 770">
    <p class='ocr_par' dir='ltr' id='par_1_7' title="bbox 310 696 1946 770">
     <span class='ocr_line' id='line_1_7' title="bbox 310 696 1946 770; baseline 0 -17"><span class='ocrx_word' id='word_1_47' title='bbox 310 709 438 753; x_wconf 78' lang='lat' dir='ltr'><strong>tur</strong></span> <span class='ocrx_word' id='word_1_48' title='bbox 485 708 532 754; x_wconf 92' lang='lat' dir='ltr'><strong>et</strong></span> <span class='ocrx_word' id='word_1_49' title='bbox 562 700 733 753; x_wconf 80' lang='lat' dir='ltr'><strong>dicent</strong></span> <span class='ocrx_word' id='word_1_50' title='bbox 761 714 911 753; x_wconf 88' lang='lat' dir='ltr'><strong>omne</strong></span> <span class='ocrx_word' id='word_1_51' title='bbox 958 696 1463 751; x_wconf 81' lang='lat' dir='ltr'><strong>malum-adversum</strong></span> <span class='ocrx_word' id='word_1_52' title='bbox 1492 715 1581 753; x_wconf 84' lang='lat' dir='ltr'><strong>vos</strong></span> <span class='ocrx_word' id='word_1_53' title='bbox 1607 707 1817 770; x_wconf 79' lang='lat' dir='ltr'><strong>propter</strong></span> <span class='ocrx_word' id='word_1_54' title='bbox 1849 698 1946 768; x_wconf 84' lang='lat' dir='ltr'><strong>ju-</strong></span> 
     </span>
    </p>
   </div>
   <div class='ocr_carea' id='block_1_8' title="bbox 307 780 1946 861">
    <p class='ocr_par' dir='ltr' id='par_1_8' title="bbox 307 780 1946 861">
     <span class='ocr_line' id='line_1_8' title="bbox 307 780 1946 861; baseline 0.001 -16"><span class='ocrx_word' id='word_1_55' title='bbox 307 793 555 845; x_wconf 76' lang='lat' dir='ltr'><strong>stitiam</strong></span> <span class='ocrx_word' id='word_1_56' title='bbox 584 790 712 856; x_wconf 84' lang='lat' dir='ltr'><strong>Dei;</strong></span> <span class='ocrx_word' id='word_1_57' title='bbox 728 780 946 861; x_wconf 75' lang='lat' dir='ltr'><strong>gaudete</strong></span> <span class='ocrx_word' id='word_1_58' title='bbox 979 798 1028 843; x_wconf 91' lang='lat' dir='ltr'><strong>et</strong></span> <span class='ocrx_word' id='word_1_59' title='bbox 1043 788 1317 856; x_wconf 80' lang='lat' dir='ltr'><strong>exsultate,</strong></span> <span class='ocrx_word' id='word_1_60' title='bbox 1340 806 1455 845; x_wconf 88' lang='lat' dir='ltr'><strong>ecce</strong></span> <span class='ocrx_word' id='word_1_61' title='bbox 1483 787 1619 845; x_wconf 84' lang='lat' dir='ltr'><strong>enim</strong></span> <span class='ocrx_word' id='word_1_62' title='bbox 1644 792 1853 861; x_wconf 84' lang='lat' dir='ltr'><strong>capiosa</strong></span> <span class='ocrx_word' id='word_1_63' title='bbox 1868 801 1946 846; x_wconf 90' lang='lat' dir='ltr'><strong>est</strong></span> 
     </span>
    </p>
   </div>
   <div class='ocr_carea' id='block_1_9' title="bbox 306 879 1943 953">
    <p class='ocr_par' dir='ltr' id='par_1_9' title="bbox 306 879 1943 953">
     <span class='ocr_line' id='line_1_9' title="bbox 306 879 1943 953; baseline 0.001 -16"><span class='ocrx_word' id='word_1_64' title='bbox 306 900 551 937; x_wconf 85' lang='lat' dir='ltr'><strong>merces</strong></span> <span class='ocrx_word' id='word_1_65' title='bbox 580 892 747 938; x_wconf 84' lang='lat' dir='ltr'><strong>vestra</strong></span> <span class='ocrx_word' id='word_1_66' title='bbox 772 882 829 935; x_wconf 88' lang='lat' dir='ltr'><strong>in</strong></span> <span class='ocrx_word' id='word_1_67' title='bbox 854 880 980 936; x_wconf 79' lang='lat' dir='ltr'><strong>ctelo</strong></span> <span class='ocrx_word' id='word_1_68' title='bbox 1027 879 1242 952; x_wconf 75' lang='lat' dir='ltr'><strong>(Matth.</strong></span> <span class='ocrx_word' id='word_1_69' title='bbox 1273 881 1350 953; x_wconf 90' lang='lat' dir='ltr'><strong>v).</strong></span> <span class='ocrx_word' id='word_1_70' title='bbox 1393 881 1755 938; x_wconf 84' lang='lat' dir='ltr'><strong>Contemnere</strong></span> <span class='ocrx_word' id='word_1_71' title='bbox 1796 884 1943 939; x_wconf 88' lang='lat' dir='ltr'><strong>enim</strong></span> 
     </span>
    </p>
   </div>
   <div class='ocr_carea' id='block_1_10' title="bbox 308 971 1941 1043">
    <p class='ocr_par' dir='ltr' id='par_1_10' title="bbox 308 971 1941 1043">
     <span class='ocr_line' id='line_1_10' title="bbox 308 971 1941 1043; baseline 0.001 -17"><span class='ocrx_word' id='word_1_72' title='bbox 308 973 663 1042; x_wconf 84' lang='lat' dir='ltr'><strong>praesentia,</strong></span> <span class='ocrx_word' id='word_1_73' title='bbox 694 979 749 1027; x_wconf 93' lang='lat' dir='ltr'><strong>et</strong></span> <span class='ocrx_word' id='word_1_74' title='bbox 775 987 895 1042; x_wconf 64' lang='lat' dir='ltr'><strong>quae</strong></span> <span class='ocrx_word' id='word_1_75' title='bbox 918 971 1315 1028; x_wconf 89' lang='lat' dir='ltr'><strong>oblectamento</strong></span> <span class='ocrx_word' id='word_1_76' title='bbox 1345 981 1491 1039; x_wconf 90' lang='lat' dir='ltr'><strong>sunt,</strong></span> <span class='ocrx_word' id='word_1_77' title='bbox 1522 981 1575 1029; x_wconf 92' lang='lat' dir='ltr'><strong>et</strong></span> <span class='ocrx_word' id='word_1_78' title='bbox 1606 974 1660 1028; x_wconf 91' lang='lat' dir='ltr'><strong>in</strong></span> <span class='ocrx_word' id='word_1_79' title='bbox 1685 988 1941 1043; x_wconf 88' lang='lat' dir='ltr'><strong>pressura</strong></span> 
     </span>
    </p>
   </div>
   <div class='ocr_carea' id='block_1_11' title="bbox 312 1062 1942 1137">
    <p class='ocr_par' dir='ltr' id='par_1_11' title="bbox 312 1062 1942 1137">
     <span class='ocr_line' id='line_1_11' title="bbox 312 1062 1942 1137; baseline 0.004 -20"><span class='ocrx_word' id='word_1_80' title='bbox 312 1079 465 1118; x_wconf 89' lang='lat' dir='ltr'><strong>non</strong></span> <span class='ocrx_word' id='word_1_81' title='bbox 505 1064 697 1118; x_wconf 88' lang='lat' dir='ltr'><strong>cedere</strong></span> <span class='ocrx_word' id='word_1_82' title='bbox 739 1077 835 1133; x_wconf 88' lang='lat' dir='ltr'><strong>spe</strong></span> <span class='ocrx_word' id='word_1_83' title='bbox 881 1062 1413 1135; x_wconf 88' lang='lat' dir='ltr'><strong>futurorum,-magni</strong></span> <span class='ocrx_word' id='word_1_84' title='bbox 1460 1065 1641 1119; x_wconf 88' lang='lat' dir='ltr'><strong>meriti</strong></span> <span class='ocrx_word' id='word_1_85' title='bbox 1683 1075 1767 1121; x_wconf 90' lang='lat' dir='ltr'><strong>est</strong></span> <span class='ocrx_word' id='word_1_86' title='bbox 1800 1068 1942 1137; x_wconf 89' lang='lat' dir='ltr'><strong>apud</strong></span> 
     </span>
    </p>
   </div>
   <div class='ocr_carea' id='block_1_12' title="bbox 314 1154 1939 1228">
    <p class='ocr_par' dir='ltr' id='par_1_12' title="bbox 314 1154 1939 1228">
     <span class='ocr_line' id='line_1_12' title="bbox 314 1154 1939 1228; baseline 0.003 -20"><span class='ocrx_word' id='word_1_87' title='bbox 314 1154 543 1208; x_wconf 86' lang='lat' dir='ltr'><strong>Deum.</strong></span> <span class='ocrx_word' id='word_1_88' title='bbox 607 1154 840 1225; x_wconf 87' lang='lat' dir='ltr'><strong>Ideoque</strong></span> <span class='ocrx_word' id='word_1_89' title='bbox 897 1154 952 1209; x_wconf 90' lang='lat' dir='ltr'><strong>in</strong></span> <span class='ocrx_word' id='word_1_90' title='bbox 1023 1155 1374 1211; x_wconf 86' lang='lat' dir='ltr'><strong>tribulatione</strong></span> <span class='ocrx_word' id='word_1_91' title='bbox 1430 1156 1775 1228; x_wconf 76' lang='lat' dir='ltr'><strong>gloriandum</strong></span> <span class='ocrx_word' id='word_1_92' title='bbox 1835 1169 1939 1225; x_wconf 91' lang='lat' dir='ltr'><strong>est,</strong></span> 
     </span>
    </p>
   </div>
   <div class='ocr_carea' id='block_1_13' title="bbox 311 1247 1938 1321">
    <p class='ocr_par' dir='ltr' id='par_1_13' title="bbox 311 1247 1938 1321">
     <span class='ocr_line' id='line_1_13' title="bbox 311 1247 1938 1321; baseline 0.002 -21"><span class='ocrx_word' id='word_1_93' title='bbox 311 1248 477 1317; x_wconf 84' lang='lat' dir='ltr'><strong>quia</strong></span> <span class='ocrx_word' id='word_1_94' title='bbox 530 1254 680 1303; x_wconf 88' lang='lat' dir='ltr'><strong>tanto</strong></span> <span class='ocrx_word' id='word_1_95' title='bbox 729 1247 849 1317; x_wconf 89' lang='lat' dir='ltr'><strong>plus</strong></span> <span class='ocrx_word' id='word_1_96' title='bbox 903 1256 1255 1318; x_wconf 89' lang='lat' dir='ltr'><strong>accepturum</strong></span> <span class='ocrx_word' id='word_1_97' title='bbox 1306 1264 1366 1304; x_wconf 91' lang='lat' dir='ltr'><strong>se</strong></span> <span class='ocrx_word' id='word_1_98' title='bbox 1415 1249 1625 1314; x_wconf 87' lang='lat' dir='ltr'><strong>credit,</strong></span> <span class='ocrx_word' id='word_1_99' title='bbox 1678 1262 1938 1321; x_wconf 92' lang='lat' dir='ltr'><strong>quantum</strong></span> 
     </span>
    </p>
   </div>
   <div class='ocr_carea' id='block_1_14' title="bbox 315 1338 1939 1414">
    <p class='ocr_par' dir='ltr' id='par_1_14' title="bbox 315 1338 1939 1414">
     <span class='ocr_line' id='line_1_14' title="bbox 315 1338 1939 1414; baseline 0.002 -23"><span class='ocrx_word' id='word_1_100' title='bbox 315 1338 389 1392; x_wconf 87' lang='lat' dir='ltr'><strong>iu</strong></span> <span class='ocrx_word' id='word_1_101' title='bbox 444 1338 791 1393; x_wconf 86' lang='lat' dir='ltr'><strong>tribulatione</strong></span> <span class='ocrx_word' id='word_1_102' title='bbox 838 1340 1119 1395; x_wconf 87' lang='lat' dir='ltr'><strong>seviderit</strong></span> <span class='ocrx_word' id='word_1_103' title='bbox 1163 1339 1463 1397; x_wconf 78' lang='lat' dir='ltr'><strong>fortiorem.</strong></span> <span class='ocrx_word' id='word_1_104' title='bbox 1519 1341 1753 1397; x_wconf 88' lang='lat' dir='ltr'><strong>Scientes</strong></span> <span class='ocrx_word' id='word_1_105' title='bbox 1799 1343 1939 1414; x_wconf 84' lang='lat' dir='ltr'><strong>quod</strong></span> 
     </span>
    </p>
   </div>
   <div class='ocr_carea' id='block_1_15' title="bbox 315 1429 1938 1506">
    <p class='ocr_par' dir='ltr' id='par_1_15' title="bbox 315 1429 1938 1506">
     <span class='ocr_line' id='line_1_15' title="bbox 315 1429 1938 1506; baseline 0.004 -24"><span class='ocrx_word' id='word_1_106' title='bbox 315 1429 619 1502; x_wconf 75' lang='lat' dir='ltr'><strong>tribulatio</strong></span> <span class='ocrx_word' id='word_1_107' title='bbox 676 1433 983 1501; x_wconf 80' lang='lat' dir='ltr'><strong>patientiam</strong></span> <span class='ocrx_word' id='word_1_108' title='bbox 1028 1442 1293 1503; x_wconf 87' lang='lat' dir='ltr'><strong>operatur.</strong></span> <span class='ocrx_word' id='word_1_109' title='bbox 1367 1433 1615 1506; x_wconf 81' lang='lat' dir='ltr'><strong>(Ambr.)</strong></span> <span class='ocrx_word' id='word_1_110' title='bbox 1670 1434 1783 1491; x_wconf 81' lang='lat' dir='ltr'><strong>Hoc</strong></span> <span class='ocrx_word' id='word_1_111' title='bbox 1833 1444 1938 1502; x_wconf 88' lang='lat' dir='ltr'><strong>est,</strong></span> 
     </span>
    </p>
   </div>
   <div class='ocr_carea' id='block_1_16' title="bbox 317 1520 1937 1599">
    <p class='ocr_par' dir='ltr' id='par_1_16' title="bbox 317 1520 1937 1599">
     <span class='ocr_line' id='line_1_16' title="bbox 317 1520 1937 1599; baseline 0.006 -25"><span class='ocrx_word' id='word_1_112' title='bbox 317 1520 753 1596; x_wconf 84' lang='lat' dir='ltr'><strong>tribulationem</strong></span> <span class='ocrx_word' id='word_1_113' title='bbox 787 1524 1100 1594; x_wconf 88' lang='lat' dir='ltr'><strong>patientiam</strong></span> <span class='ocrx_word' id='word_1_114' title='bbox 1139 1527 1374 1596; x_wconf 89' lang='lat' dir='ltr'><strong>operari,</strong></span> <span class='ocrx_word' id='word_1_115' title='bbox 1417 1527 1461 1581; x_wconf 89' lang='lat' dir='ltr'><strong>si</strong></span> <span class='ocrx_word' id='word_1_116' title='bbox 1511 1527 1785 1582; x_wconf 87' lang='lat' dir='ltr'><strong>tribulatio</strong></span> <span class='ocrx_word' id='word_1_117' title='bbox 1823 1529 1937 1599; x_wconf 89' lang='lat' dir='ltr'><strong>ipsa</strong></span> 
     </span>
    </p>
   </div>
   <div class='ocr_carea' id='block_1_17' title="bbox 318 1617 1940 1686">
    <p class='ocr_par' dir='ltr' id='par_1_17' title="bbox 318 1617 1940 1686">
     <span class='ocr_line' id='line_1_17' title="bbox 318 1617 1940 1686; baseline 0.005 -19"><span class='ocrx_word' id='word_1_118' title='bbox 318 1622 555 1668; x_wconf 84' lang='lat' dir='ltr'><strong>motum</strong></span> <span class='ocrx_word' id='word_1_119' title='bbox 615 1629 723 1669; x_wconf 91' lang='lat' dir='ltr'><strong>non</strong></span> <span class='ocrx_word' id='word_1_120' title='bbox 787 1617 1043 1686; x_wconf 89' lang='lat' dir='ltr'><strong>patiatur,</strong></span> <span class='ocrx_word' id='word_1_121' title='bbox 1082 1617 1441 1684; x_wconf 79' lang='lat' dir='ltr'><strong>inﬁrmitatis</strong></span> <span class='ocrx_word' id='word_1_122' title='bbox 1496 1627 1589 1673; x_wconf 87' lang='lat' dir='ltr'><strong>aut</strong></span> <span class='ocrx_word' id='word_1_123' title='bbox 1649 1620 1940 1676; x_wconf 88' lang='lat' dir='ltr'><strong>dubitatio—</strong></span> 
     </span>
    </p>
   </div>
   <div class='ocr_carea' id='block_1_18' title="bbox 317 1703 1935 1779">
    <p class='ocr_par' dir='ltr' id='par_1_18' title="bbox 317 1703 1935 1779">
     <span class='ocr_line' id='line_1_18' title="bbox 317 1703 1935 1779; baseline 0.006 -23"><span class='ocrx_word' id='word_1_124' title='bbox 317 1703 452 1757; x_wconf 85' lang='lat' dir='ltr'><strong>nis.</strong></span> <span class='ocrx_word' id='word_1_125' title='bbox 491 1703 758 1758; x_wconf 83' lang='lat' dir='ltr'><strong>Patientia</strong></span> <span class='ocrx_word' id='word_1_126' title='bbox 800 1716 974 1760; x_wconf 90' lang='lat' dir='ltr'><strong>autem</strong></span> <span class='ocrx_word' id='word_1_127' title='bbox 1011 1708 1388 1777; x_wconf 83' lang='lat' dir='ltr'><strong>probationem.</strong></span> <span class='ocrx_word' id='word_1_128' title='bbox 1431 1708 1779 1775; x_wconf 72' lang='lat' dir='ltr'><strong>Manifestum</strong></span> <span class='ocrx_word' id='word_1_129' title='bbox 1830 1719 1935 1779; x_wconf 88' lang='lat' dir='ltr'><strong>est,</strong></span> 
     </span>
    </p>
   </div>
   <div class='ocr_carea' id='block_1_19' title="bbox 2048 522 3635 600">
    <p class='ocr_par' dir='ltr' id='par_1_19' title="bbox 2048 522 3635 600">
     <span class='ocr_line' id='line_1_19' title="bbox 2048 522 3635 600; baseline 0.008 -24"><span class='ocrx_word' id='word_1_130' title='bbox 2048 522 2342 577; x_wconf 89' lang='lat' dir='ltr'><strong>secundum</strong></span> <span class='ocrx_word' id='word_1_131' title='bbox 2376 525 2643 580; x_wconf 88' lang='lat' dir='ltr'><strong>sermonis</strong></span> <span class='ocrx_word' id='word_1_132' title='bbox 2667 525 2837 594; x_wconf 87' lang='lat' dir='ltr'><strong>ipsius</strong></span> <span class='ocrx_word' id='word_1_133' title='bbox 2865 526 2950 581; x_wconf 85' lang='lat' dir='ltr'><strong>vel</strong></span> <span class='ocrx_word' id='word_1_134' title='bbox 2978 526 3170 583; x_wconf 69' lang='lat' dir='ltr'><strong>litterae</strong></span> <span class='ocrx_word' id='word_1_135' title='bbox 3196 534 3635 600; x_wconf 85' lang='lat' dir='ltr'><strong>consequentiam</strong></span> 
     </span>
    </p>
   </div>
   <div class='ocr_carea' id='block_1_20' title="bbox 2045 615 3632 699">
    <p class='ocr_par' dir='ltr' id='par_1_20' title="bbox 2045 615 3632 699">
     <span class='ocr_line' id='line_1_20' title="bbox 2045 615 3632 699; baseline 0.009 -33"><span class='ocrx_word' id='word_1_136' title='bbox 2045 626 2146 682; x_wconf 89' lang='lat' dir='ltr'><strong>pro</strong></span> <span class='ocrx_word' id='word_1_137' title='bbox 2192 615 2541 684; x_wconf 89' lang='lat' dir='ltr'><strong>adapertione</strong></span> <span class='ocrx_word' id='word_1_138' title='bbox 2590 617 2870 699; x_wconf 79' lang='lat' dir='ltr'><strong>apostolici</strong></span> <span class='ocrx_word' id='word_1_139' title='bbox 2912 619 3113 689; x_wconf 88' lang='lat' dir='ltr'><strong>eloquii</strong></span> <span class='ocrx_word' id='word_1_140' title='bbox 3155 622 3439 692; x_wconf 83' lang='lat' dir='ltr'><strong>explanata</strong></span> <span class='ocrx_word' id='word_1_141' title='bbox 3503 625 3632 680; x_wconf 91' lang='lat' dir='ltr'><strong>sint.</strong></span> 
     </span>
    </p>
   </div>
   <div class='ocr_carea' id='block_1_21' title="bbox 2047 704 3631 787">
    <p class='ocr_par' dir='ltr' id='par_1_21' title="bbox 2047 704 3631 787">
     <span class='ocr_line' id='line_1_21' title="bbox 2047 704 3631 787; baseline 0.009 -28"><span class='ocrx_word' id='word_1_142' title='bbox 2047 704 2200 761; x_wconf 87' lang='lat' dir='ltr'><strong>Nunc</strong></span> <span class='ocrx_word' id='word_1_143' title='bbox 2215 704 2327 775; x_wconf 88' lang='lat' dir='ltr'><strong>jam</strong></span> <span class='ocrx_word' id='word_1_144' title='bbox 2349 707 2477 777; x_wconf 91' lang='lat' dir='ltr'><strong>quid</strong></span> <span class='ocrx_word' id='word_1_145' title='bbox 2501 709 2729 765; x_wconf 88' lang='lat' dir='ltr'><strong>interior</strong></span> <span class='ocrx_word' id='word_1_146' title='bbox 2749 727 2942 767; x_wconf 88' lang='lat' dir='ltr'><strong>sensus</strong></span> <span class='ocrx_word' id='word_1_147' title='bbox 2967 714 3243 770; x_wconf 89' lang='lat' dir='ltr'><strong>contineat</strong></span> <span class='ocrx_word' id='word_1_148' title='bbox 3268 717 3631 787; x_wconf 87' lang='lat' dir='ltr'><strong>requiramus.</strong></span> 
     </span>
    </p>
   </div>
   <div class='ocr_carea' id='block_1_22' title="bbox 2046 792 3636 872">
    <p class='ocr_par' dir='ltr' id='par_1_22' title="bbox 2046 792 3636 872">
     <span class='ocr_line' id='line_1_22' title="bbox 2046 792 3636 872; baseline 0.01 -26"><span class='ocrx_word' id='word_1_149' title='bbox 2046 792 2114 847; x_wconf 88' lang='lat' dir='ltr'><strong>Et</strong></span> <span class='ocrx_word' id='word_1_150' title='bbox 2134 793 2311 864; x_wconf 93' lang='lat' dir='ltr'><strong>primo</strong></span> <span class='ocrx_word' id='word_1_151' title='bbox 2341 795 2406 849; x_wconf 92' lang='lat' dir='ltr'><strong>de</strong></span> <span class='ocrx_word' id='word_1_152' title='bbox 2432 796 2748 865; x_wconf 84' lang='lat' dir='ltr'><strong>gloriatione</strong></span> <span class='ocrx_word' id='word_1_153' title='bbox 2772 800 3232 872; x_wconf 89' lang='lat' dir='ltr'><strong>videamus,quod</strong></span> <span class='ocrx_word' id='word_1_154' title='bbox 3254 799 3410 870; x_wconf 61' lang='lat' dir='ltr'><strong>dixit,</strong></span> <span class='ocrx_word' id='word_1_155' title='bbox 3428 804 3636 862; x_wconf 86' lang='lat' dir='ltr'><strong>Gloria-</strong></span> 
     </span>
    </p>
   </div>
   <div class='ocr_carea' id='block_1_23' title="bbox 2045 887 3635 968">
    <p class='ocr_par' dir='ltr' id='par_1_23' title="bbox 2045 887 3635 968">
     <span class='ocr_line' id='line_1_23' title="bbox 2045 887 3635 968; baseline 0.009 -29"><span class='ocrx_word' id='word_1_156' title='bbox 2045 903 2165 941; x_wconf 90' lang='lat' dir='ltr'><strong>mur</strong></span> <span class='ocrx_word' id='word_1_157' title='bbox 2191 887 2246 941; x_wconf 89' lang='lat' dir='ltr'><strong>in</strong></span> <span class='ocrx_word' id='word_1_158' title='bbox 2271 888 2692 945; x_wconf 74' lang='lat' dir='ltr'><strong>tribulationibus</strong></span> <span class='ocrx_word' id='word_1_159' title='bbox 2719 895 2929 947; x_wconf 87' lang='lat' dir='ltr'><strong>nostris.</strong></span> <span class='ocrx_word' id='word_1_160' title='bbox 2964 894 3156 949; x_wconf 90' lang='lat' dir='ltr'><strong>Sermo</strong></span> <span class='ocrx_word' id='word_1_161' title='bbox 3181 897 3323 951; x_wconf 90' lang='lat' dir='ltr'><strong>enim</strong></span> <span class='ocrx_word' id='word_1_162' title='bbox 3356 898 3635 968; x_wconf 87' lang='lat' dir='ltr'><strong>gloriatio-</strong></span> 
     </span>
    </p>
   </div>
   <div class='ocr_carea' id='block_1_24' title="bbox 2044 976 3632 1056">
    <p class='ocr_par' dir='ltr' id='par_1_24' title="bbox 2044 976 3632 1056">
     <span class='ocr_line' id='line_1_24' title="bbox 2044 976 3632 1056; baseline 0.009 -27"><span class='ocrx_word' id='word_1_163' title='bbox 2044 976 2130 1031; x_wconf 89' lang='lat' dir='ltr'><strong>nis</strong></span> <span class='ocrx_word' id='word_1_164' title='bbox 2180 976 2451 1032; x_wconf 89' lang='lat' dir='ltr'><strong>interdum</strong></span> <span class='ocrx_word' id='word_1_165' title='bbox 2501 978 2848 1035; x_wconf 82' lang='lat' dir='ltr'><strong>laudabiliter</strong></span> <span class='ocrx_word' id='word_1_166' title='bbox 2896 983 2950 1037; x_wconf 92' lang='lat' dir='ltr'><strong>in</strong></span> <span class='ocrx_word' id='word_1_167' title='bbox 2984 982 3310 1056; x_wconf 86' lang='lat' dir='ltr'><strong>Scripturis,</strong></span> <span class='ocrx_word' id='word_1_168' title='bbox 3363 988 3632 1045; x_wconf 89' lang='lat' dir='ltr'><strong>interdum</strong></span> 
     </span>
    </p>
   </div>
   <div class='ocr_carea' id='block_1_25' title="bbox 2043 1062 3629 1143">
    <p class='ocr_par' dir='ltr' id='par_1_25' title="bbox 2043 1062 3629 1143">
     <span class='ocr_line' id='line_1_25' title="bbox 2043 1062 3629 1143; baseline 0.009 -17"><span class='ocrx_word' id='word_1_169' title='bbox 2043 1070 2382 1140; x_wconf 89' lang='lat' dir='ltr'><strong>culpabiliter</strong></span> <span class='ocrx_word' id='word_1_170' title='bbox 2415 1062 2649 1143; x_wconf 80' lang='lat' dir='ltr'><strong>ponitur.</strong></span> <span class='ocrx_word' id='word_1_171' title='bbox 2713 1074 2925 1131; x_wconf 84' lang='lat' dir='ltr'><strong>Etenim</strong></span> <span class='ocrx_word' id='word_1_172' title='bbox 2980 1093 3104 1133; x_wconf 91' lang='lat' dir='ltr'><strong>cum</strong></span> <span class='ocrx_word' id='word_1_173' title='bbox 3153 1082 3282 1136; x_wconf 90' lang='lat' dir='ltr'><strong>dicit</strong></span> <span class='ocrx_word' id='word_1_174' title='bbox 3322 1080 3629 1140; x_wconf 79' lang='lat' dir='ltr'><strong>Jeremias:</strong></span> 
     </span>
    </p>
   </div>
   <div class='ocr_carea' id='block_1_26' title="bbox 2044 1159 3637 1247">
    <p class='ocr_par' dir='ltr' id='par_1_26' title="bbox 2044 1159 3637 1247">
     <span class='ocr_line' id='line_1_26' title="bbox 2044 1159 3637 1247; baseline 0.01 -32"><span class='ocrx_word' id='word_1_175' title='bbox 2044 1161 2175 1217; x_wconf 79' lang='lat' dir='ltr'><strong>HtL’C</strong></span> <span class='ocrx_word' id='word_1_176' title='bbox 2201 1163 2326 1217; x_wconf 86' lang='lat' dir='ltr'><strong>dicit</strong></span> <span class='ocrx_word' id='word_1_177' title='bbox 2355 1159 2610 1221; x_wconf 81' lang='lat' dir='ltr'><strong>Dominus</strong></span> <span class='ocrx_word' id='word_1_178' title='bbox 2636 1179 2655 1218; x_wconf 92' lang='lat'><strong><em>:</em></strong></span> <span class='ocrx_word' id='word_1_179' title='bbox 2687 1165 2812 1222; x_wconf 88' lang='lat' dir='ltr'><strong>Non</strong></span> <span class='ocrx_word' id='word_1_180' title='bbox 2836 1168 3090 1239; x_wconf 86' lang='lat' dir='ltr'><strong>glorietur</strong></span> <span class='ocrx_word' id='word_1_181' title='bbox 3117 1162 3323 1243; x_wconf 78' lang='lat' dir='ltr'><strong>sapiens</strong></span> <span class='ocrx_word' id='word_1_182' title='bbox 3349 1176 3403 1229; x_wconf 90' lang='lat' dir='ltr'><strong>in</strong></span> <span class='ocrx_word' id='word_1_183' title='bbox 3431 1177 3637 1247; x_wconf 88' lang='lat' dir='ltr'><strong>sapien-</strong></span> 
     </span>
    </p>
   </div>
   <div class='ocr_carea' id='block_1_27' title="bbox 2043 1251 3635 1334">
    <p class='ocr_par' dir='ltr' id='par_1_27' title="bbox 2043 1251 3635 1334">
     <span class='ocr_line' id='line_1_27' title="bbox 2043 1251 3635 1334; baseline 0.01 -30"><span class='ocrx_word' id='word_1_184' title='bbox 2043 1251 2115 1305; x_wconf 85' lang='lat' dir='ltr'><strong>tia</strong></span> <span class='ocrx_word' id='word_1_185' title='bbox 2143 1269 2263 1317; x_wconf 89' lang='lat' dir='ltr'><strong>sua,</strong></span> <span class='ocrx_word' id='word_1_186' title='bbox 2298 1269 2390 1307; x_wconf 87' lang='lat' dir='ltr'><strong>nec</strong></span> <span class='ocrx_word' id='word_1_187' title='bbox 2427 1254 2579 1323; x_wconf 84' lang='lat' dir='ltr'><strong>fortis</strong></span> <span class='ocrx_word' id='word_1_188' title='bbox 2611 1256 2665 1310; x_wconf 89' lang='lat' dir='ltr'><strong>in</strong></span> <span class='ocrx_word' id='word_1_189' title='bbox 2699 1257 3008 1327; x_wconf 83' lang='lat' dir='ltr'><strong>fortitudine</strong></span> <span class='ocrx_word' id='word_1_190' title='bbox 3042 1277 3159 1327; x_wconf 87' lang='lat' dir='ltr'><strong>sua,</strong></span> <span class='ocrx_word' id='word_1_191' title='bbox 3194 1252 3354 1328; x_wconf 83' lang='lat' dir='ltr'><strong>neque</strong></span> <span class='ocrx_word' id='word_1_192' title='bbox 3379 1264 3635 1334; x_wconf 87' lang='lat' dir='ltr'><strong>glorietur</strong></span> 
     </span>
    </p>
   </div>
   <div class='ocr_carea' id='block_1_28' title="bbox 2041 1343 3633 1425">
    <p class='ocr_par' dir='ltr' id='par_1_28' title="bbox 2041 1343 3633 1425">
     <span class='ocr_line' id='line_1_28' title="bbox 2041 1343 3633 1425; baseline 0.009 -30"><span class='ocrx_word' id='word_1_193' title='bbox 2041 1343 2183 1396; x_wconf 86' lang='lat' dir='ltr'><strong>dives</strong></span> <span class='ocrx_word' id='word_1_194' title='bbox 2214 1344 2267 1397; x_wconf 89' lang='lat' dir='ltr'><strong>in</strong></span> <span class='ocrx_word' id='word_1_195' title='bbox 2303 1344 2498 1399; x_wconf 87' lang='lat' dir='ltr'><strong>divitiis</strong></span> <span class='ocrx_word' id='word_1_196' title='bbox 2528 1347 2638 1400; x_wconf 86' lang='lat' dir='ltr'><strong>suis</strong></span> <span class='ocrx_word' id='word_1_197' title='bbox 2666 1363 2684 1401; x_wconf 90' lang='lat'><strong><em>:</em></strong></span> <span class='ocrx_word' id='word_1_198' title='bbox 2712 1348 2802 1402; x_wconf 89' lang='lat' dir='ltr'><strong>sed</strong></span> <span class='ocrx_word' id='word_1_199' title='bbox 2834 1350 2887 1402; x_wconf 91' lang='lat' dir='ltr'><strong>in</strong></span> <span class='ocrx_word' id='word_1_200' title='bbox 2916 1350 3012 1404; x_wconf 84' lang='lat' dir='ltr'><strong>hoc</strong></span> <span class='ocrx_word' id='word_1_201' title='bbox 3043 1350 3296 1421; x_wconf 87' lang='lat' dir='ltr'><strong>glorietur</strong></span> <span class='ocrx_word' id='word_1_202' title='bbox 3319 1355 3408 1424; x_wconf 83' lang='lat' dir='ltr'><strong>qui</strong></span> <span class='ocrx_word' id='word_1_203' title='bbox 3434 1355 3633 1425; x_wconf 82' lang='lat' dir='ltr'><strong>gloria-</strong></span> 
     </span>
    </p>
   </div>
   <div class='ocr_carea' id='block_1_29' title="bbox 2041 1433 3633 1512">
    <p class='ocr_par' dir='ltr' id='par_1_29' title="bbox 2041 1433 3633 1512">
     <span class='ocr_line' id='line_1_29' title="bbox 2041 1433 3633 1512; baseline 0.008 -28"><span class='ocrx_word' id='word_1_204' title='bbox 2041 1442 2147 1499; x_wconf 85' lang='lat' dir='ltr'><strong>tur,</strong></span> <span class='ocrx_word' id='word_1_205' title='bbox 2178 1433 2466 1505; x_wconf 85' lang='lat' dir='ltr'><strong>intelligere</strong></span> <span class='ocrx_word' id='word_1_206' title='bbox 2499 1446 2549 1490; x_wconf 87' lang='lat' dir='ltr'><strong>et</strong></span> <span class='ocrx_word' id='word_1_207' title='bbox 2580 1454 2859 1506; x_wconf 84' lang='lat' dir='ltr'><strong>agnoscere</strong></span> <span class='ocrx_word' id='word_1_208' title='bbox 2891 1456 2993 1505; x_wconf 87' lang='lat' dir='ltr'><strong>me,</strong></span> <span class='ocrx_word' id='word_1_209' title='bbox 3019 1443 3144 1511; x_wconf 88' lang='lat' dir='ltr'><strong>quia</strong></span> <span class='ocrx_word' id='word_1_210' title='bbox 3172 1458 3264 1512; x_wconf 89' lang='lat' dir='ltr'><strong>ego</strong></span> <span class='ocrx_word' id='word_1_211' title='bbox 3294 1459 3409 1497; x_wconf 89' lang='lat' dir='ltr'><strong>sum</strong></span> <span class='ocrx_word' id='word_1_212' title='bbox 3448 1443 3633 1497; x_wconf 89' lang='lat' dir='ltr'><strong>Domi-</strong></span> 
     </span>
    </p>
   </div>
   <div class='ocr_carea' id='block_1_30' title="bbox 2041 1526 3632 1604">
    <p class='ocr_par' dir='ltr' id='par_1_30' title="bbox 2041 1526 3632 1604">
     <span class='ocr_line' id='line_1_30' title="bbox 2041 1526 3632 1604; baseline 0.008 -27"><span class='ocrx_word' id='word_1_213' title='bbox 2041 1540 2139 1578; x_wconf 88' lang='lat' dir='ltr'><strong>nus</strong></span> <span class='ocrx_word' id='word_1_214' title='bbox 2181 1526 2271 1595; x_wconf 85' lang='lat' dir='ltr'><strong>qui</strong></span> <span class='ocrx_word' id='word_1_215' title='bbox 2298 1536 2473 1581; x_wconf 88' lang='lat' dir='ltr'><strong>statuo</strong></span> <span class='ocrx_word' id='word_1_216' title='bbox 2504 1529 2918 1585; x_wconf 86' lang='lat' dir='ltr'><strong>misericordiam</strong></span> <span class='ocrx_word' id='word_1_217' title='bbox 2944 1540 2993 1586; x_wconf 88' lang='lat' dir='ltr'><strong>et</strong></span> <span class='ocrx_word' id='word_1_218' title='bbox 3010 1532 3271 1602; x_wconf 87' lang='lat' dir='ltr'><strong>judicium</strong></span> <span class='ocrx_word' id='word_1_219' title='bbox 3299 1535 3632 1604; x_wconf 70' lang='lat' dir='ltr'><strong>et‘juslitiam</strong></span> 
     </span>
    </p>
   </div>
   <div class='ocr_carea' id='block_1_31' title="bbox 2040 1618 3632 1697">
    <p class='ocr_par' dir='ltr' id='par_1_31' title="bbox 2040 1618 3632 1697">
     <span class='ocr_line' id='line_1_31' title="bbox 2040 1618 3632 1697; baseline 0.009 -29"><span class='ocrx_word' id='word_1_220' title='bbox 2040 1632 2196 1685; x_wconf 84' lang='lat' dir='ltr'><strong>super</strong></span> <span class='ocrx_word' id='word_1_221' title='bbox 2232 1626 2425 1671; x_wconf 89' lang='lat' dir='ltr'><strong>terram</strong></span> <span class='ocrx_word' id='word_1_222' title='bbox 2467 1618 2601 1689; x_wconf 75' lang='lat' dir='ltr'><strong>(Jer.</strong></span> <span class='ocrx_word' id='word_1_223' title='bbox 2645 1620 2744 1691; x_wconf 80' lang='lat' dir='ltr'><strong>lx),</strong></span> <span class='ocrx_word' id='word_1_224' title='bbox 2798 1622 2851 1676; x_wconf 92' lang='lat' dir='ltr'><strong>in</strong></span> <span class='ocrx_word' id='word_1_225' title='bbox 2895 1638 3004 1678; x_wconf 91' lang='lat' dir='ltr'><strong>uno</strong></span> <span class='ocrx_word' id='word_1_226' title='bbox 3049 1625 3346 1694; x_wconf 87' lang='lat' dir='ltr'><strong>eodemque</strong></span> <span class='ocrx_word' id='word_1_227' title='bbox 3394 1627 3632 1697; x_wconf 88' lang='lat' dir='ltr'><strong>capitulo</strong></span> 
     </span>
    </p>
   </div>
   <div class='ocr_carea' id='block_1_32' title="bbox 2043 1706 3627 1787">
    <p class='ocr_par' dir='ltr' id='par_1_32' title="bbox 2043 1706 3627 1787">
     <span class='ocr_line' id='line_1_32' title="bbox 2043 1706 3627 1787; baseline 0.008 -28"><span class='ocrx_word' id='word_1_228' title='bbox 2043 1706 2418 1777; x_wconf 90' lang='lat' dir='ltr'><strong>gloriationem</strong></span> <span class='ocrx_word' id='word_1_229' title='bbox 2462 1719 2517 1764; x_wconf 89' lang='lat' dir='ltr'><strong>et</strong></span> <span class='ocrx_word' id='word_1_230' title='bbox 2563 1710 2906 1768; x_wconf 88' lang='lat' dir='ltr'><strong>laudabiliter</strong></span> <span class='ocrx_word' id='word_1_231' title='bbox 2945 1721 3001 1767; x_wconf 90' lang='lat' dir='ltr'><strong>et</strong></span> <span class='ocrx_word' id='word_1_232' title='bbox 3039 1715 3380 1784; x_wconf 87' lang='lat' dir='ltr'><strong>culpabiliter</strong></span> <span class='ocrx_word' id='word_1_233' title='bbox 3425 1718 3627 1787; x_wconf 90' lang='lat' dir='ltr'><strong>posuit.</strong></span> 
     </span>
    </p>
   </div>
   <div class='ocr_carea' id='block_1_33' title="bbox 318 1786 3628 1878">
    <p class='ocr_par' dir='ltr' id='par_1_33' title="bbox 318 1786 3628 1878">
     <span class='ocr_line' id='line_1_33' title="bbox 318 1786 3628 1878; baseline 0.008 -29"><span class='ocrx_word' id='word_1_234' title='bbox 318 1795 472 1866; x_wconf 83' lang='lat' dir='ltr'><strong>quia</strong></span> <span class='ocrx_word' id='word_1_235' title='bbox 518 1797 800 1866; x_wconf 88' lang='lat' dir='ltr'><strong>patientia,</strong></span> <span class='ocrx_word' id='word_1_236' title='bbox 822 1798 867 1852; x_wconf 90' lang='lat' dir='ltr'><strong>si</strong></span> <span class='ocrx_word' id='word_1_237' title='bbox 916 1798 1040 1853; x_wconf 84' lang='lat' dir='ltr'><strong>talis</strong></span> <span class='ocrx_word' id='word_1_238' title='bbox 1066 1798 1229 1855; x_wconf 90' lang='lat' dir='ltr'><strong>fuerit</strong></span> <span class='ocrx_word' id='word_1_239' title='bbox 1256 1800 1748 1871; x_wconf 32' lang='lat' dir='ltr'><strong>qualem’diximus,</strong></span> <span class='ocrx_word' id='word_1_240' title='bbox 1781 1802 1936 1860; x_wconf 89' lang='lat' dir='ltr'><strong>ﬁrma</strong></span> <span class='ocrx_word' id='word_1_241' title='bbox 1964 1786 2013 1846; x_wconf 80' lang='grc' dir='ltr'><strong>Β</strong></span> <span class='ocrx_word' id='word_1_242' title='bbox 2040 1797 2175 1853; x_wconf 83' lang='lat' dir='ltr'><strong>Nam</strong></span> <span class='ocrx_word' id='word_1_243' title='bbox 2212 1801 2257 1855; x_wconf 87' lang='lat' dir='ltr'><strong>Si</strong></span> <span class='ocrx_word' id='word_1_244' title='bbox 2293 1801 2434 1871; x_wconf 84' lang='lat' dir='ltr'><strong>quis,</strong></span> <span class='ocrx_word' id='word_1_245' title='bbox 2478 1802 2684 1872; x_wconf 90' lang='lat' dir='ltr'><strong>inquit,</strong></span> <span class='ocrx_word' id='word_1_246' title='bbox 2728 1804 2989 1875; x_wconf 81' lang='lat' dir='ltr'><strong>gloriatur</strong></span> <span class='ocrx_word' id='word_1_247' title='bbox 3016 1806 3100 1861; x_wconf 87' lang='lat' dir='ltr'><strong>vel</strong></span> <span class='ocrx_word' id='word_1_248' title='bbox 3129 1808 3182 1861; x_wconf 92' lang='lat' dir='ltr'><strong>in</strong></span> <span class='ocrx_word' id='word_1_249' title='bbox 3214 1786 3477 1878; x_wconf 78' lang='lat' dir='ltr'><strong>sapientia</strong></span> <span class='ocrx_word' id='word_1_250' title='bbox 3509 1825 3628 1876; x_wconf 70' lang='lat' dir='ltr'><strong>sua.</strong></span> 
     </span>
    </p>
   </div>
   <div class='ocr_carea' id='block_1_34' title="bbox 318 1887 1936 1965">
    <p class='ocr_par' dir='ltr' id='par_1_34' title="bbox 318 1887 1936 1965">
     <span class='ocr_line' id='line_1_34' title="bbox 318 1887 1936 1965; baseline 0.006 -24"><span class='ocrx_word' id='word_1_251' title='bbox 318 1887 616 1943; x_wconf 84' lang='lat' dir='ltr'><strong>videbitur</strong></span> <span class='ocrx_word' id='word_1_252' title='bbox 682 1888 950 1958; x_wconf 91' lang='lat' dir='ltr'><strong>probatio.</strong></span> <span class='ocrx_word' id='word_1_253' title='bbox 1022 1887 1277 1944; x_wconf 88' lang='lat' dir='ltr'><strong>Probatio</strong></span> <span class='ocrx_word' id='word_1_254' title='bbox 1344 1901 1518 1944; x_wconf 90' lang='lat' dir='ltr'><strong>autem</strong></span> <span class='ocrx_word' id='word_1_255' title='bbox 1576 1909 1737 1959; x_wconf 89' lang='lat' dir='ltr'><strong>spem.</strong></span> <span class='ocrx_word' id='word_1_256' title='bbox 1800 1893 1936 1965; x_wconf 88' lang='lat' dir='ltr'><strong>Spes</strong></span> 
     </span>
    </p>
   </div>
   <div class='ocr_carea' id='block_1_35' title="bbox 318 1981 1932 2051">
    <p class='ocr_par' dir='ltr' id='par_1_35' title="bbox 318 1981 1932 2051">
     <span class='ocr_line' id='line_1_35' title="bbox 318 1981 1932 2051; baseline 0.004 -16"><span class='ocrx_word' id='word_1_257' title='bbox 318 1981 385 2035; x_wconf 89' lang='lat' dir='ltr'><strong>in</strong></span> <span class='ocrx_word' id='word_1_258' title='bbox 435 1996 503 2037; x_wconf 91' lang='lat' dir='ltr'><strong>eo</strong></span> <span class='ocrx_word' id='word_1_259' title='bbox 539 1981 632 2051; x_wconf 90' lang='lat' dir='ltr'><strong>qui</strong></span> <span class='ocrx_word' id='word_1_260' title='bbox 674 1981 934 2051; x_wconf 90' lang='lat' dir='ltr'><strong>probatus</strong></span> <span class='ocrx_word' id='word_1_261' title='bbox 971 1981 1207 2047; x_wconf 90' lang='lat' dir='ltr'><strong>videtur,</strong></span> <span class='ocrx_word' id='word_1_262' title='bbox 1255 1997 1363 2037; x_wconf 90' lang='lat' dir='ltr'><strong>non</strong></span> <span class='ocrx_word' id='word_1_263' title='bbox 1404 1983 1676 2039; x_wconf 87' lang='lat' dir='ltr'><strong>immerito</strong></span> <span class='ocrx_word' id='word_1_264' title='bbox 1716 1984 1932 2041; x_wconf 90' lang='lat' dir='ltr'><strong>dicitur.</strong></span> 
     </span>
    </p>
   </div>
   <div class='ocr_carea' id='block_1_36' title="bbox 316 2078 1934 2149">
    <p class='ocr_par' dir='ltr' id='par_1_36' title="bbox 316 2078 1934 2149">
     <span class='ocr_line' id='line_1_36' title="bbox 316 2078 1934 2149; baseline 0.004 -18"><span class='ocrx_word' id='word_1_265' title='bbox 316 2078 543 2149; x_wconf 82' lang='lat' dir='ltr'><strong>Dignus</strong></span> <span class='ocrx_word' id='word_1_266' title='bbox 567 2078 710 2132; x_wconf 89' lang='lat' dir='ltr'><strong>enim</strong></span> <span class='ocrx_word' id='word_1_267' title='bbox 747 2078 973 2144; x_wconf 87' lang='lat' dir='ltr'><strong>scietur,</strong></span> <span class='ocrx_word' id='word_1_268' title='bbox 999 2087 1321 2148; x_wconf 90' lang='lat' dir='ltr'><strong>accepturus</strong></span> <span class='ocrx_word' id='word_1_269' title='bbox 1356 2082 1851 2138; x_wconf 89' lang='lat' dir='ltr'><strong>remunerationem</strong></span> <span class='ocrx_word' id='word_1_270' title='bbox 1881 2084 1934 2139; x_wconf 94' lang='lat' dir='ltr'><strong>in</strong></span> 
     </span>
    </p>
   </div>
   <div class='ocr_carea' id='block_1_37' title="bbox 318 2170 1935 2245">
    <p class='ocr_par' dir='ltr' id='par_1_37' title="bbox 318 2170 1935 2245">
     <span class='ocr_line' id='line_1_37' title="bbox 318 2170 1935 2245; baseline 0.002 -19"><span class='ocrx_word' id='word_1_271' title='bbox 318 2187 507 2243; x_wconf 81' lang='lat' dir='ltr'><strong>regno</strong></span> <span class='ocrx_word' id='word_1_272' title='bbox 534 2172 649 2226; x_wconf 89' lang='lat' dir='ltr'><strong>Dei.</strong></span> <span class='ocrx_word' id='word_1_273' title='bbox 677 2170 804 2243; x_wconf 86' lang='lat' dir='ltr'><strong>Spes</strong></span> <span class='ocrx_word' id='word_1_274' title='bbox 834 2182 1010 2226; x_wconf 86' lang='lat' dir='ltr'><strong>autem</strong></span> <span class='ocrx_word' id='word_1_275' title='bbox 1056 2190 1160 2227; x_wconf 87' lang='lat' dir='ltr'><strong>non</strong></span> <span class='ocrx_word' id='word_1_276' title='bbox 1203 2172 1476 2242; x_wconf 79' lang='lat' dir='ltr'><strong>confundit</strong></span> <span class='ocrx_word' id='word_1_277' title='bbox 1500 2188 1518 2226; x_wconf 91' lang='lat'><strong><em>:</em></strong></span> <span class='ocrx_word' id='word_1_278' title='bbox 1540 2176 1665 2245; x_wconf 89' lang='lat' dir='ltr'><strong>quia</strong></span> <span class='ocrx_word' id='word_1_279' title='bbox 1704 2175 1935 2231; x_wconf 84' lang='lat' dir='ltr'><strong>charitas</strong></span> 
     </span>
    </p>
   </div>
   <div class='ocr_carea' id='block_1_38' title="bbox 325 2263 1931 2336">
    <p class='ocr_par' dir='ltr' id='par_1_38' title="bbox 325 2263 1931 2336">
     <span class='ocr_line' id='line_1_38' title="bbox 325 2263 1931 2336; baseline 0.004 -20"><span class='ocrx_word' id='word_1_280' title='bbox 325 2263 437 2317; x_wconf 85' lang='lat' dir='ltr'><strong>Dei</strong></span> <span class='ocrx_word' id='word_1_281' title='bbox 464 2264 662 2333; x_wconf 70' lang='lat' dir='ltr'><strong>diffusa</strong></span> <span class='ocrx_word' id='word_1_282' title='bbox 693 2272 769 2317; x_wconf 88' lang='lat' dir='ltr'><strong>est</strong></span> <span class='ocrx_word' id='word_1_283' title='bbox 800 2264 856 2318; x_wconf 90' lang='lat' dir='ltr'><strong>in</strong></span> <span class='ocrx_word' id='word_1_284' title='bbox 885 2264 1129 2319; x_wconf 85' lang='lat' dir='ltr'><strong>cordibus</strong></span> <span class='ocrx_word' id='word_1_285' title='bbox 1164 2266 1354 2318; x_wconf 86' lang='lat' dir='ltr'><strong>nostris</strong></span> <span class='ocrx_word' id='word_1_286' title='bbox 1389 2281 1482 2336; x_wconf 90' lang='lat' dir='ltr'><strong>per</strong></span> <span class='ocrx_word' id='word_1_287' title='bbox 1513 2264 1765 2336; x_wconf 83' lang='lat' dir='ltr'><strong>Spiritum</strong></span> <span class='ocrx_word' id='word_1_288' title='bbox 1805 2285 1931 2323; x_wconf 88' lang='lat' dir='ltr'><strong>san-</strong></span> 
     </span>
    </p>
   </div>
   <div class='ocr_carea' id='block_1_39' title="bbox 316 2354 1932 2425">
    <p class='ocr_par' dir='ltr' id='par_1_39' title="bbox 316 2354 1932 2425">
     <span class='ocr_line' id='line_1_39' title="bbox 316 2354 1932 2425; baseline 0.002 -17"><span class='ocrx_word' id='word_1_289' title='bbox 316 2365 477 2408; x_wconf 86' lang='lat' dir='ltr'><strong>ctum</strong></span> <span class='ocrx_word' id='word_1_290' title='bbox 514 2356 607 2425; x_wconf 88' lang='lat' dir='ltr'><strong>qui</strong></span> <span class='ocrx_word' id='word_1_291' title='bbox 648 2355 806 2409; x_wconf 89' lang='lat' dir='ltr'><strong>datus</strong></span> <span class='ocrx_word' id='word_1_292' title='bbox 847 2365 920 2409; x_wconf 87' lang='lat' dir='ltr'><strong>est</strong></span> <span class='ocrx_word' id='word_1_293' title='bbox 953 2355 1121 2409; x_wconf 87' lang='lat' dir='ltr'><strong>nobis.</strong></span> <span class='ocrx_word' id='word_1_294' title='bbox 1168 2354 1303 2425; x_wconf 89' lang='lat' dir='ltr'><strong>Spes</strong></span> <span class='ocrx_word' id='word_1_295' title='bbox 1344 2371 1452 2410; x_wconf 90' lang='lat' dir='ltr'><strong>non</strong></span> <span class='ocrx_word' id='word_1_296' title='bbox 1494 2354 1773 2412; x_wconf 88' lang='lat' dir='ltr'><strong>confundit</strong></span> <span class='ocrx_word' id='word_1_297' title='bbox 1804 2358 1932 2412; x_wconf 91' lang='lat' dir='ltr'><strong>dum</strong></span> 
     </span>
    </p>
   </div>
   <div class='ocr_carea' id='block_1_40' title="bbox 314 2446 1932 2519">
    <p class='ocr_par' dir='ltr' id='par_1_40' title="bbox 314 2446 1932 2519">
     <span class='ocr_line' id='line_1_40' title="bbox 314 2446 1932 2519; baseline 0.002 -18"><span class='ocrx_word' id='word_1_298' title='bbox 314 2446 485 2501; x_wconf 84' lang='lat' dir='ltr'><strong>stulti</strong></span> <span class='ocrx_word' id='word_1_299' title='bbox 513 2454 569 2500; x_wconf 90' lang='lat' dir='ltr'><strong>et</strong></span> <span class='ocrx_word' id='word_1_300' title='bbox 594 2446 817 2501; x_wconf 86' lang='lat' dir='ltr'><strong>hebetes</strong></span> <span class='ocrx_word' id='word_1_301' title='bbox 838 2461 869 2500; x_wconf 93' lang='lat' dir='ltr'><strong>a</strong></span> <span class='ocrx_word' id='word_1_302' title='bbox 897 2446 1118 2515; x_wconf 88' lang='lat' dir='ltr'><strong>perﬁdis</strong></span> <span class='ocrx_word' id='word_1_303' title='bbox 1142 2446 1470 2514; x_wconf 74' lang='lat' dir='ltr'><strong>iudicamur,</strong></span> <span class='ocrx_word' id='word_1_304' title='bbox 1497 2448 1781 2504; x_wconf 88' lang='lat' dir='ltr'><strong>credentes</strong></span> <span class='ocrx_word' id='word_1_305' title='bbox 1809 2464 1932 2519; x_wconf 66' lang='lat' dir='ltr'><strong>quae</strong></span> 
     </span>
    </p>
   </div>
   <div class='ocr_carea' id='block_1_41' title="bbox 316 2538 1932 2610">
    <p class='ocr_par' dir='ltr' id='par_1_41' title="bbox 316 2538 1932 2610">
     <span class='ocr_line' id='line_1_41' title="bbox 316 2538 1932 2610; baseline 0.003 -18"><span class='ocrx_word' id='word_1_306' title='bbox 316 2538 607 2592; x_wconf 86' lang='lat' dir='ltr'><strong>mundana</strong></span> <span class='ocrx_word' id='word_1_307' title='bbox 652 2546 842 2594; x_wconf 89' lang='lat' dir='ltr'><strong>carent</strong></span> <span class='ocrx_word' id='word_1_308' title='bbox 887 2539 1098 2593; x_wconf 89' lang='lat' dir='ltr'><strong>ratione</strong></span> <span class='ocrx_word' id='word_1_309' title='bbox 1146 2557 1159 2593; x_wconf 88' lang='lat'><strong>:</strong></span> <span class='ocrx_word' id='word_1_310' title='bbox 1213 2539 1407 2610; x_wconf 88' lang='lat' dir='ltr'><strong>pignus</strong></span> <span class='ocrx_word' id='word_1_311' title='bbox 1460 2541 1604 2593; x_wconf 89' lang='lat' dir='ltr'><strong>enim</strong></span> <span class='ocrx_word' id='word_1_312' title='bbox 1649 2541 1932 2597; x_wconf 90' lang='lat' dir='ltr'><strong>charitatis</strong></span> 
     </span>
    </p>
   </div>
   <div class='ocr_carea' id='block_1_42' title="bbox 313 2627 1928 2700">
    <p class='ocr_par' dir='ltr' id='par_1_42' title="bbox 313 2627 1928 2700">
     <span class='ocr_line' id='line_1_42' title="bbox 313 2627 1928 2700; baseline 0.003 -19"><span class='ocrx_word' id='word_1_313' title='bbox 313 2627 425 2683; x_wconf 89' lang='lat' dir='ltr'><strong>Dei</strong></span> <span class='ocrx_word' id='word_1_314' title='bbox 484 2627 747 2683; x_wconf 87' lang='lat' dir='ltr'><strong>habemus</strong></span> <span class='ocrx_word' id='word_1_315' title='bbox 807 2629 864 2683; x_wconf 92' lang='lat' dir='ltr'><strong>in</strong></span> <span class='ocrx_word' id='word_1_316' title='bbox 917 2629 1076 2685; x_wconf 89' lang='lat' dir='ltr'><strong>nobis</strong></span> <span class='ocrx_word' id='word_1_317' title='bbox 1138 2628 1402 2700; x_wconf 88' lang='lat' dir='ltr'><strong>Spiritum</strong></span> <span class='ocrx_word' id='word_1_318' title='bbox 1461 2641 1709 2686; x_wconf 90' lang='lat' dir='ltr'><strong>sanctum</strong></span> <span class='ocrx_word' id='word_1_319' title='bbox 1745 2633 1928 2687; x_wconf 88' lang='lat' dir='ltr'><strong>datum</strong></span> 
     </span>
    </p>
   </div>
   <div class='ocr_carea' id='block_1_43' title="bbox 315 2722 1928 2797">
    <p class='ocr_par' dir='ltr' id='par_1_43' title="bbox 315 2722 1928 2797">
     <span class='ocr_line' id='line_1_43' title="bbox 315 2722 1928 2797; baseline 0.002 -19"><span class='ocrx_word' id='word_1_320' title='bbox 315 2722 542 2778; x_wconf 87' lang='lat' dir='ltr'><strong>nobis:</strong></span> <span class='ocrx_word' id='word_1_321' title='bbox 583 2722 737 2778; x_wconf 88' lang='lat' dir='ltr'><strong>ﬁdele</strong></span> <span class='ocrx_word' id='word_1_322' title='bbox 801 2723 944 2778; x_wconf 90' lang='lat' dir='ltr'><strong>enim</strong></span> <span class='ocrx_word' id='word_1_323' title='bbox 1004 2738 1124 2780; x_wconf 90' lang='lat' dir='ltr'><strong>esse</strong></span> <span class='ocrx_word' id='word_1_324' title='bbox 1184 2725 1511 2795; x_wconf 89' lang='lat' dir='ltr'><strong>promissum</strong></span> <span class='ocrx_word' id='word_1_325' title='bbox 1584 2725 1677 2781; x_wconf 93' lang='lat' dir='ltr'><strong>Dei</strong></span> <span class='ocrx_word' id='word_1_326' title='bbox 1731 2730 1928 2797; x_wconf 88' lang='lat' dir='ltr'><strong>prohat</strong></span> 
     </span>
    </p>
   </div>
   <div class='ocr_carea' id='block_1_44' title="bbox 316 2810 1928 2884">
    <p class='ocr_par' dir='ltr' id='par_1_44' title="bbox 316 2810 1928 2884">
     <span class='ocr_line' id='line_1_44' title="bbox 316 2810 1928 2884; baseline 0.001 -17"><span class='ocrx_word' id='word_1_327' title='bbox 316 2810 570 2882; x_wconf 90' lang='lat' dir='ltr'><strong>Spiritus</strong></span> <span class='ocrx_word' id='word_1_328' title='bbox 597 2818 817 2866; x_wconf 89' lang='lat' dir='ltr'><strong>sanctus</strong></span> <span class='ocrx_word' id='word_1_329' title='bbox 838 2811 995 2867; x_wconf 90' lang='lat' dir='ltr'><strong>datus</strong></span> <span class='ocrx_word' id='word_1_330' title='bbox 1017 2812 1295 2882; x_wconf 87' lang='lat' dir='ltr'><strong>apostolis,</strong></span> <span class='ocrx_word' id='word_1_331' title='bbox 1320 2820 1376 2867; x_wconf 89' lang='lat' dir='ltr'><strong>et</strong></span> <span class='ocrx_word' id='word_1_332' title='bbox 1394 2813 1571 2879; x_wconf 90' lang='lat' dir='ltr'><strong>nobis,</strong></span> <span class='ocrx_word' id='word_1_333' title='bbox 1597 2814 1687 2883; x_wconf 87' lang='lat' dir='ltr'><strong>qui</strong></span> <span class='ocrx_word' id='word_1_334' title='bbox 1714 2816 1928 2884; x_wconf 68' lang='lat' dir='ltr'><strong>praesti-</strong></span> 
     </span>
    </p>
   </div>
   <div class='ocr_carea' id='block_1_45' title="bbox 315 2904 1927 2975">
    <p class='ocr_par' dir='ltr' id='par_1_45' title="bbox 315 2904 1927 2975">
     <span class='ocr_line' id='line_1_45' title="bbox 315 2904 1927 2975; baseline 0.002 -17"><span class='ocrx_word' id='word_1_335' title='bbox 315 2906 388 2959; x_wconf 91' lang='lat' dir='ltr'><strong>tit</strong></span> <span class='ocrx_word' id='word_1_336' title='bbox 408 2912 479 2959; x_wconf 89' lang='lat' dir='ltr'><strong>ut</strong></span> <span class='ocrx_word' id='word_1_337' title='bbox 497 2904 725 2959; x_wconf 88' lang='lat' dir='ltr'><strong>diversis</strong></span> <span class='ocrx_word' id='word_1_338' title='bbox 754 2904 955 2974; x_wconf 86' lang='lat' dir='ltr'><strong>linguis</strong></span> <span class='ocrx_word' id='word_1_339' title='bbox 986 2904 1221 2975; x_wconf 88' lang='lat' dir='ltr'><strong>imperiti</strong></span> <span class='ocrx_word' id='word_1_340' title='bbox 1262 2904 1632 2975; x_wconf 85' lang='lat' dir='ltr'><strong>loquerentur,</strong></span> <span class='ocrx_word' id='word_1_341' title='bbox 1668 2922 1788 2961; x_wconf 90' lang='lat' dir='ltr'><strong>cum</strong></span> <span class='ocrx_word' id='word_1_342' title='bbox 1840 2908 1927 2961; x_wconf 92' lang='lat' dir='ltr'><strong>in-</strong></span> 
     </span>
    </p>
   </div>
   <div class='ocr_carea' id='block_1_46' title="bbox 314 2996 1922 3069">
    <p class='ocr_par' dir='ltr' id='par_1_46' title="bbox 314 2996 1922 3069">
     <span class='ocr_line' id='line_1_46' title="bbox 314 2996 1922 3069; baseline 0 -15"><span class='ocrx_word' id='word_1_343' title='bbox 314 2998 810 3069; x_wconf 85' lang='lat' dir='ltr'><strong>terpretationibus</strong></span> <span class='ocrx_word' id='word_1_344' title='bbox 866 2998 933 3052; x_wconf 90' lang='lat' dir='ltr'><strong>ad</strong></span> <span class='ocrx_word' id='word_1_345' title='bbox 964 2996 1393 3053; x_wconf 89' lang='lat' dir='ltr'><strong>conﬁrmandam</strong></span> <span class='ocrx_word' id='word_1_346' title='bbox 1421 3013 1596 3068; x_wconf 90' lang='lat' dir='ltr'><strong>spem,</strong></span> <span class='ocrx_word' id='word_1_347' title='bbox 1628 3007 1690 3053; x_wconf 90' lang='lat' dir='ltr'><strong>ut</strong></span> <span class='ocrx_word' id='word_1_348' title='bbox 1711 3008 1767 3054; x_wconf 90' lang='lat' dir='ltr'><strong>et</strong></span> <span class='ocrx_word' id='word_1_349' title='bbox 1790 3000 1922 3054; x_wconf 90' lang='lat' dir='ltr'><strong>cha-</strong></span> 
     </span>
    </p>
   </div>
   <div class='ocr_carea' id='block_1_47' title="bbox 314 3081 1923 3161">
    <p class='ocr_par' dir='ltr' id='par_1_47' title="bbox 314 3081 1923 3161">
     <span class='ocr_line' id='line_1_47' title="bbox 314 3081 1923 3161; baseline -0.002 -11"><span class='ocrx_word' id='word_1_350' title='bbox 314 3081 548 3151; x_wconf 86' lang='lat' dir='ltr'><strong>ritatem</strong></span> <span class='ocrx_word' id='word_1_351' title='bbox 589 3093 685 3149; x_wconf 92' lang='lat' dir='ltr'><strong>Dei</strong></span> <span class='ocrx_word' id='word_1_352' title='bbox 724 3092 1129 3148; x_wconf 89' lang='lat' dir='ltr'><strong>commendaret</strong></span> <span class='ocrx_word' id='word_1_353' title='bbox 1165 3090 1219 3144; x_wconf 91' lang='lat' dir='ltr'><strong>in</strong></span> <span class='ocrx_word' id='word_1_354' title='bbox 1254 3091 1431 3156; x_wconf 92' lang='lat' dir='ltr'><strong>nobis;</strong></span> <span class='ocrx_word' id='word_1_355' title='bbox 1478 3101 1538 3145; x_wconf 79' lang='lat' dir='ltr'><strong>ut</strong></span> <span class='ocrx_word' id='word_1_356' title='bbox 1572 3092 1696 3161; x_wconf 91' lang='lat' dir='ltr'><strong>quia</strong></span> <span class='ocrx_word' id='word_1_357' title='bbox 1726 3093 1923 3147; x_wconf 90' lang='lat' dir='ltr'><strong>charos</strong></span> 
     </span>
    </p>
   </div>
   <div class='ocr_carea' id='block_1_48' title="bbox 2041 1893 3633 1974">
    <p class='ocr_par' dir='ltr' id='par_1_48' title="bbox 2041 1893 3633 1974">
     <span class='ocr_line' id='line_1_48' title="bbox 2041 1893 3633 1974; baseline 0.009 -30"><span class='ocrx_word' id='word_1_358' title='bbox 2041 1893 2125 1948; x_wconf 89' lang='lat' dir='ltr'><strong>vel</strong></span> <span class='ocrx_word' id='word_1_359' title='bbox 2153 1893 2207 1948; x_wconf 93' lang='lat' dir='ltr'><strong>in</strong></span> <span class='ocrx_word' id='word_1_360' title='bbox 2239 1894 2677 1963; x_wconf 88' lang='lat' dir='ltr'><strong>fortitudine,vel</strong></span> <span class='ocrx_word' id='word_1_361' title='bbox 2718 1897 2773 1952; x_wconf 92' lang='lat' dir='ltr'><strong>in</strong></span> <span class='ocrx_word' id='word_1_362' title='bbox 2810 1899 3034 1965; x_wconf 78' lang='lat' dir='ltr'><strong>divitiis,</strong></span> <span class='ocrx_word' id='word_1_363' title='bbox 3063 1901 3401 1970; x_wconf 77' lang='lat' dir='ltr'><strong>culpabiliter</strong></span> <span class='ocrx_word' id='word_1_364' title='bbox 3432 1903 3633 1974; x_wconf 85' lang='lat' dir='ltr'><strong>gloria-</strong></span> 
     </span>
    </p>
   </div>
   <div class='ocr_carea' id='block_1_49' title="bbox 2039 1984 3626 2063">
    <p class='ocr_par' dir='ltr' id='par_1_49' title="bbox 2039 1984 3626 2063">
     <span class='ocr_line' id='line_1_49' title="bbox 2039 1984 3626 2063; baseline 0.008 -26"><span class='ocrx_word' id='word_1_365' title='bbox 2039 1992 2155 2050; x_wconf 91' lang='lat' dir='ltr'><strong>tur;</strong></span> <span class='ocrx_word' id='word_1_366' title='bbox 2188 1984 2232 2039; x_wconf 92' lang='lat' dir='ltr'><strong>si</strong></span> <span class='ocrx_word' id='word_1_367' title='bbox 2260 1986 2383 2055; x_wconf 89' lang='lat' dir='ltr'><strong>quis</strong></span> <span class='ocrx_word' id='word_1_368' title='bbox 2413 2002 2545 2041; x_wconf 89' lang='lat' dir='ltr'><strong>vero</strong></span> <span class='ocrx_word' id='word_1_369' title='bbox 2571 1987 2625 2042; x_wconf 90' lang='lat' dir='ltr'><strong>in</strong></span> <span class='ocrx_word' id='word_1_370' title='bbox 2655 1991 2997 2058; x_wconf 85' lang='lat' dir='ltr'><strong>agnoscendo</strong></span> <span class='ocrx_word' id='word_1_371' title='bbox 3026 1991 3312 2046; x_wconf 91' lang='lat' dir='ltr'><strong>Dominum</strong></span> <span class='ocrx_word' id='word_1_372' title='bbox 3342 1993 3626 2063; x_wconf 79' lang='lat' dir='ltr'><strong>gloriatur,</strong></span> 
     </span>
    </p>
   </div>
   <div class='ocr_carea' id='block_1_50' title="bbox 2038 2075 3630 2152">
    <p class='ocr_par' dir='ltr' id='par_1_50' title="bbox 2038 2075 3630 2152">
     <span class='ocr_line' id='line_1_50' title="bbox 2038 2075 3630 2152; baseline 0.006 -23"><span class='ocrx_word' id='word_1_373' title='bbox 2038 2084 2093 2130; x_wconf 92' lang='lat' dir='ltr'><strong>et</strong></span> <span class='ocrx_word' id='word_1_374' title='bbox 2128 2075 2400 2131; x_wconf 88' lang='lat' dir='ltr'><strong>intellectu</strong></span> <span class='ocrx_word' id='word_1_375' title='bbox 2433 2078 2759 2148; x_wconf 90' lang='lat' dir='ltr'><strong>judiciorum</strong></span> <span class='ocrx_word' id='word_1_376' title='bbox 2788 2080 2928 2149; x_wconf 87' lang='lat' dir='ltr'><strong>ejus,</strong></span> <span class='ocrx_word' id='word_1_377' title='bbox 2959 2089 3014 2135; x_wconf 90' lang='lat' dir='ltr'><strong>et</strong></span> <span class='ocrx_word' id='word_1_378' title='bbox 3040 2081 3426 2138; x_wconf 68' lang='lat' dir='ltr'><strong>misericordia:</strong></span> <span class='ocrx_word' id='word_1_379' title='bbox 3453 2092 3510 2138; x_wconf 89' lang='lat' dir='ltr'><strong>et</strong></span> <span class='ocrx_word' id='word_1_380' title='bbox 3541 2084 3630 2152; x_wconf 91' lang='lat' dir='ltr'><strong>ju-</strong></span> 
     </span>
    </p>
   </div>
   <div class='ocr_carea' id='block_1_51' title="bbox 2036 2166 3625 2242">
    <p class='ocr_par' dir='ltr' id='par_1_51' title="bbox 2036 2166 3625 2242">
     <span class='ocr_line' id='line_1_51' title="bbox 2036 2166 3625 2242; baseline 0.006 -22"><span class='ocrx_word' id='word_1_381' title='bbox 2036 2166 2216 2231; x_wconf 71' lang='lat' dir='ltr'><strong>stitite,</strong></span> <span class='ocrx_word' id='word_1_382' title='bbox 2246 2166 2585 2223; x_wconf 88' lang='lat' dir='ltr'><strong>laudabiliter</strong></span> <span class='ocrx_word' id='word_1_383' title='bbox 2608 2169 2887 2241; x_wconf 78' lang='lat' dir='ltr'><strong>gloriatur.</strong></span> <span class='ocrx_word' id='word_1_384' title='bbox 2907 2171 3039 2226; x_wconf 84' lang='lat' dir='ltr'><strong>Cum</strong></span> <span class='ocrx_word' id='word_1_385' title='bbox 3067 2188 3197 2242; x_wconf 88' lang='lat' dir='ltr'><strong>ergo</strong></span> <span class='ocrx_word' id='word_1_386' title='bbox 3223 2172 3325 2228; x_wconf 89' lang='lat' dir='ltr'><strong>iste</strong></span> <span class='ocrx_word' id='word_1_387' title='bbox 3350 2188 3531 2229; x_wconf 89' lang='lat' dir='ltr'><strong>sermo</strong></span> <span class='ocrx_word' id='word_1_388' title='bbox 3558 2176 3625 2231; x_wconf 88' lang='lat' dir='ltr'><strong>ad</strong></span> 
     </span>
    </p>
   </div>
   <div class='ocr_carea' id='block_1_52' title="bbox 2035 2260 3627 2334">
    <p class='ocr_par' dir='ltr' id='par_1_52' title="bbox 2035 2260 3627 2334">
     <span class='ocr_line' id='line_1_52' title="bbox 2035 2260 3627 2334; baseline 0.006 -24"><span class='ocrx_word' id='word_1_389' title='bbox 2035 2264 2324 2327; x_wconf 85' lang='lat' dir='ltr'><strong>utrumque</strong></span> <span class='ocrx_word' id='word_1_390' title='bbox 2356 2260 2597 2329; x_wconf 89' lang='lat' dir='ltr'><strong>respicit,</strong></span> <span class='ocrx_word' id='word_1_391' title='bbox 2628 2261 3012 2330; x_wconf 90' lang='lat' dir='ltr'><strong>requirendum</strong></span> <span class='ocrx_word' id='word_1_392' title='bbox 3043 2264 3199 2318; x_wconf 90' lang='lat' dir='ltr'><strong>nobis</strong></span> <span class='ocrx_word' id='word_1_393' title='bbox 3236 2272 3319 2318; x_wconf 90' lang='lat' dir='ltr'><strong>est</strong></span> <span class='ocrx_word' id='word_1_394' title='bbox 3348 2265 3627 2334; x_wconf 86' lang='lat' dir='ltr'><strong>inquibus</strong></span> 
     </span>
    </p>
   </div>
   <div class='ocr_carea' id='block_1_53' title="bbox 2034 2349 3623 2425">
    <p class='ocr_par' dir='ltr' id='par_1_53' title="bbox 2034 2349 3623 2425">
     <span class='ocr_line' id='line_1_53' title="bbox 2034 2349 3623 2425; baseline 0.005 -23"><span class='ocrx_word' id='word_1_395' title='bbox 2034 2356 2186 2403; x_wconf 88' lang='lat' dir='ltr'><strong>recta</strong></span> <span class='ocrx_word' id='word_1_396' title='bbox 2222 2349 2469 2420; x_wconf 82' lang='lat' dir='ltr'><strong>gloriatio</strong></span> <span class='ocrx_word' id='word_1_397' title='bbox 2504 2352 2594 2416; x_wconf 92' lang='lat' dir='ltr'><strong>sit,</strong></span> <span class='ocrx_word' id='word_1_398' title='bbox 2625 2363 2682 2407; x_wconf 91' lang='lat' dir='ltr'><strong>et</strong></span> <span class='ocrx_word' id='word_1_399' title='bbox 2709 2352 2762 2406; x_wconf 92' lang='lat' dir='ltr'><strong>in</strong></span> <span class='ocrx_word' id='word_1_400' title='bbox 2790 2353 2986 2423; x_wconf 87' lang='lat' dir='ltr'><strong>quibus</strong></span> <span class='ocrx_word' id='word_1_401' title='bbox 3021 2354 3200 2409; x_wconf 91' lang='lat' dir='ltr'><strong>minus</strong></span> <span class='ocrx_word' id='word_1_402' title='bbox 3247 2363 3394 2409; x_wconf 85' lang='lat' dir='ltr'><strong>recta</strong></span> <span class='ocrx_word' id='word_1_403' title='bbox 3426 2355 3623 2425; x_wconf 85' lang='lat' dir='ltr'><strong>gloria-</strong></span> 
     </span>
    </p>
   </div>
   <div class='ocr_carea' id='block_1_54' title="bbox 2035 2440 3624 2515">
    <p class='ocr_par' dir='ltr' id='par_1_54' title="bbox 2035 2440 3624 2515">
     <span class='ocr_line' id='line_1_54' title="bbox 2035 2440 3624 2515; baseline 0.006 -21"><span class='ocrx_word' id='word_1_404' title='bbox 2035 2440 2129 2495; x_wconf 90' lang='lat' dir='ltr'><strong>tio.</strong></span> <span class='ocrx_word' id='word_1_405' title='bbox 2146 2440 2298 2508; x_wconf 84' lang='lat' dir='ltr'><strong>Quod</strong></span> <span class='ocrx_word' id='word_1_406' title='bbox 2326 2442 2400 2496; x_wconf 90' lang='lat' dir='ltr'><strong>ita</strong></span> <span class='ocrx_word' id='word_1_407' title='bbox 2427 2443 2641 2497; x_wconf 90' lang='lat' dir='ltr'><strong>demum</strong></span> <span class='ocrx_word' id='word_1_408' title='bbox 2668 2444 2965 2514; x_wconf 87' lang='lat' dir='ltr'><strong>poterimus</strong></span> <span class='ocrx_word' id='word_1_409' title='bbox 2988 2460 3304 2515; x_wconf 89' lang='lat' dir='ltr'><strong>agnoscere,</strong></span> <span class='ocrx_word' id='word_1_410' title='bbox 3330 2446 3375 2501; x_wconf 89' lang='lat' dir='ltr'><strong>si</strong></span> <span class='ocrx_word' id='word_1_411' title='bbox 3401 2455 3624 2503; x_wconf 89' lang='lat' dir='ltr'><strong>naturas</strong></span> 
     </span>
    </p>
   </div>
   <div class='ocr_carea' id='block_1_55' title="bbox 2033 2534 3625 2607">
    <p class='ocr_par' dir='ltr' id='par_1_55' title="bbox 2033 2534 3625 2607">
     <span class='ocr_line' id='line_1_55' title="bbox 2033 2534 3625 2607; baseline 0.008 -23"><span class='ocrx_word' id='word_1_412' title='bbox 2033 2545 2217 2586; x_wconf 90' lang='lat' dir='ltr'><strong>rerum</strong></span> <span class='ocrx_word' id='word_1_413' title='bbox 2245 2534 2576 2603; x_wconf 88' lang='lat' dir='ltr'><strong>competenti</strong></span> <span class='ocrx_word' id='word_1_414' title='bbox 2616 2535 2962 2592; x_wconf 88' lang='lat' dir='ltr'><strong>distinctione</strong></span> <span class='ocrx_word' id='word_1_415' title='bbox 3005 2547 3301 2596; x_wconf 88' lang='lat' dir='ltr'><strong>teneamus.</strong></span> <span class='ocrx_word' id='word_1_416' title='bbox 3342 2538 3495 2607; x_wconf 83' lang='lat' dir='ltr'><strong>Quod</strong></span> <span class='ocrx_word' id='word_1_417' title='bbox 3530 2558 3625 2597; x_wconf 86' lang='lat' dir='ltr'><strong>au-</strong></span> 
     </span>
    </p>
   </div>
   <div class='ocr_carea' id='block_1_56' title="bbox 2032 2621 3622 2702">
    <p class='ocr_par' dir='ltr' id='par_1_56' title="bbox 2032 2621 3622 2702">
     <span class='ocr_line' id='line_1_56' title="bbox 2032 2621 3622 2702; baseline 0.008 -28"><span class='ocrx_word' id='word_1_418' title='bbox 2032 2628 2141 2676; x_wconf 91' lang='lat' dir='ltr'><strong>tem</strong></span> <span class='ocrx_word' id='word_1_419' title='bbox 2172 2621 2424 2690; x_wconf 89' lang='lat' dir='ltr'><strong>dicimus,</strong></span> <span class='ocrx_word' id='word_1_420' title='bbox 2454 2625 2560 2680; x_wconf 90' lang='lat' dir='ltr'><strong>tale</strong></span> <span class='ocrx_word' id='word_1_421' title='bbox 2596 2635 2699 2682; x_wconf 90' lang='lat' dir='ltr'><strong>est.</strong></span> <span class='ocrx_word' id='word_1_422' title='bbox 2732 2625 2923 2682; x_wconf 90' lang='lat' dir='ltr'><strong>Omnia</strong></span> <span class='ocrx_word' id='word_1_423' title='bbox 2951 2645 3070 2699; x_wconf 63' lang='lat' dir='ltr'><strong>quae</strong></span> <span class='ocrx_word' id='word_1_424' title='bbox 3103 2639 3226 2685; x_wconf 86' lang='lat' dir='ltr'><strong>sunt</strong></span> <span class='ocrx_word' id='word_1_425' title='bbox 3252 2631 3337 2685; x_wconf 82' lang='lat' dir='ltr'><strong>vel</strong></span> <span class='ocrx_word' id='word_1_426' title='bbox 3368 2641 3622 2702; x_wconf 87' lang='lat' dir='ltr'><strong>aguntur,</strong></span> 
     </span>
    </p>
   </div>
   <div class='ocr_carea' id='block_1_57' title="bbox 2032 2711 3622 2793">
    <p class='ocr_par' dir='ltr' id='par_1_57' title="bbox 2032 2711 3622 2793">
     <span class='ocr_line' id='line_1_57' title="bbox 2032 2711 3622 2793; baseline 0.011 -30"><span class='ocrx_word' id='word_1_427' title='bbox 2032 2717 2125 2764; x_wconf 90' lang='lat' dir='ltr'><strong>aut</strong></span> <span class='ocrx_word' id='word_1_428' title='bbox 2144 2711 2283 2767; x_wconf 87' lang='lat' dir='ltr'><strong>bona</strong></span> <span class='ocrx_word' id='word_1_429' title='bbox 2312 2721 2458 2781; x_wconf 91' lang='lat' dir='ltr'><strong>sunt,</strong></span> <span class='ocrx_word' id='word_1_430' title='bbox 2489 2725 2582 2770; x_wconf 91' lang='lat' dir='ltr'><strong>aut</strong></span> <span class='ocrx_word' id='word_1_431' title='bbox 2606 2718 2771 2784; x_wconf 90' lang='lat' dir='ltr'><strong>mala,</strong></span> <span class='ocrx_word' id='word_1_432' title='bbox 2796 2727 2891 2773; x_wconf 91' lang='lat' dir='ltr'><strong>aut</strong></span> <span class='ocrx_word' id='word_1_433' title='bbox 2920 2718 3301 2776; x_wconf 67' lang='lat' dir='ltr'><strong>indifferentia.</strong></span> <span class='ocrx_word' id='word_1_434' title='bbox 3331 2723 3405 2778; x_wconf 89' lang='lat' dir='ltr'><strong>De</strong></span> <span class='ocrx_word' id='word_1_435' title='bbox 3423 2725 3622 2793; x_wconf 85' lang='lat' dir='ltr'><strong>quibus</strong></span> 
     </span>
    </p>
   </div>
   <div class='ocr_carea' id='block_1_58' title="bbox 2030 2803 3623 2886">
    <p class='ocr_par' dir='ltr' id='par_1_58' title="bbox 2030 2803 3623 2886">
     <span class='ocr_line' id='line_1_58' title="bbox 2030 2803 3623 2886; baseline 0.009 -30"><span class='ocrx_word' id='word_1_436' title='bbox 2030 2804 2278 2871; x_wconf 86' lang='lat' dir='ltr'><strong>quamvis</strong></span> <span class='ocrx_word' id='word_1_437' title='bbox 2298 2803 2456 2861; x_wconf 89' lang='lat' dir='ltr'><strong>latior</strong></span> <span class='ocrx_word' id='word_1_438' title='bbox 2474 2806 2662 2864; x_wconf 87' lang='lat' dir='ltr'><strong>haberi</strong></span> <span class='ocrx_word' id='word_1_439' title='bbox 2687 2809 2882 2865; x_wconf 89' lang='lat' dir='ltr'><strong>debeat</strong></span> <span class='ocrx_word' id='word_1_440' title='bbox 2904 2811 3218 2882; x_wconf 82' lang='lat' dir='ltr'><strong>disputatio,</strong></span> <span class='ocrx_word' id='word_1_441' title='bbox 3244 2822 3424 2871; x_wconf 88' lang='lat' dir='ltr'><strong>tamen</strong></span> <span class='ocrx_word' id='word_1_442' title='bbox 3448 2832 3623 2886; x_wconf 90' lang='lat' dir='ltr'><strong>quan-</strong></span> 
     </span>
    </p>
   </div>
   <div class='ocr_carea' id='block_1_59' title="bbox 2031 2894 3619 2975">
    <p class='ocr_par' dir='ltr' id='par_1_59' title="bbox 2031 2894 3619 2975">
     <span class='ocr_line' id='line_1_59' title="bbox 2031 2894 3619 2975; baseline 0.01 -28"><span class='ocrx_word' id='word_1_443' title='bbox 2031 2900 2144 2948; x_wconf 89' lang='lat' dir='ltr'><strong>tum</strong></span> <span class='ocrx_word' id='word_1_444' title='bbox 2172 2894 2238 2949; x_wconf 87' lang='lat' dir='ltr'><strong>ad</strong></span> <span class='ocrx_word' id='word_1_445' title='bbox 2277 2909 2598 2965; x_wconf 71' lang='lat' dir='ltr'><strong>przesentcm</strong></span> <span class='ocrx_word' id='word_1_446' title='bbox 2638 2899 2812 2955; x_wconf 89' lang='lat' dir='ltr'><strong>locum</strong></span> <span class='ocrx_word' id='word_1_447' title='bbox 2856 2901 3052 2957; x_wconf 87' lang='lat' dir='ltr'><strong>sullicit</strong></span> <span class='ocrx_word' id='word_1_448' title='bbox 3086 2904 3441 2975; x_wconf 87' lang='lat' dir='ltr'><strong>proferemus.</strong></span> <span class='ocrx_word' id='word_1_449' title='bbox 3471 2907 3619 2963; x_wconf 88' lang='lat' dir='ltr'><strong>Bona</strong></span> 
     </span>
    </p>
   </div>
   <div class='ocr_carea' id='block_1_60' title="bbox 2028 2982 3619 3063">
    <p class='ocr_par' dir='ltr' id='par_1_60' title="bbox 2028 2982 3619 3063">
     <span class='ocr_line' id='line_1_60' title="bbox 2028 2982 3619 3063; baseline 0.01 -27"><span class='ocrx_word' id='word_1_450' title='bbox 2028 2982 2119 3037; x_wconf 91' lang='lat' dir='ltr'><strong>illa</strong></span> <span class='ocrx_word' id='word_1_451' title='bbox 2159 2994 2365 3040; x_wconf 88' lang='lat' dir='ltr'><strong>certum</strong></span> <span class='ocrx_word' id='word_1_452' title='bbox 2394 2996 2476 3043; x_wconf 91' lang='lat' dir='ltr'><strong>est</strong></span> <span class='ocrx_word' id='word_1_453' title='bbox 2505 2991 2723 3060; x_wconf 89' lang='lat' dir='ltr'><strong>proprie</strong></span> <span class='ocrx_word' id='word_1_454' title='bbox 2762 2992 2901 3059; x_wconf 91' lang='lat' dir='ltr'><strong>dici,</strong></span> <span class='ocrx_word' id='word_1_455' title='bbox 2937 3010 3057 3063; x_wconf 70' lang='lat' dir='ltr'><strong>quae</strong></span> <span class='ocrx_word' id='word_1_456' title='bbox 3087 2997 3155 3049; x_wconf 90' lang='lat' dir='ltr'><strong>ad</strong></span> <span class='ocrx_word' id='word_1_457' title='bbox 3193 2996 3423 3052; x_wconf 89' lang='lat' dir='ltr'><strong>virtutes</strong></span> <span class='ocrx_word' id='word_1_458' title='bbox 3453 2998 3619 3053; x_wconf 89' lang='lat' dir='ltr'><strong>animi</strong></span> 
     </span>
    </p>
   </div>
   <div class='ocr_carea' id='block_1_61' title="bbox 2027 3076 3613 3155">
    <p class='ocr_par' dir='ltr' id='par_1_61' title="bbox 2027 3076 3613 3155">
     <span class='ocr_line' id='line_1_61' title="bbox 2027 3076 3613 3155; baseline 0.008 -26"><span class='ocrx_word' id='word_1_459' title='bbox 2027 3076 2331 3144; x_wconf 90' lang='lat' dir='ltr'><strong>pertinent;</strong></span> <span class='ocrx_word' id='word_1_460' title='bbox 2374 3087 2431 3132; x_wconf 92' lang='lat' dir='ltr'><strong>et</strong></span> <span class='ocrx_word' id='word_1_461' title='bbox 2452 3079 2593 3134; x_wconf 89' lang='lat' dir='ltr'><strong>mala</strong></span> <span class='ocrx_word' id='word_1_462' title='bbox 2621 3096 2685 3136; x_wconf 90' lang='lat' dir='ltr'><strong>ea</strong></span> <span class='ocrx_word' id='word_1_463' title='bbox 2714 3081 2827 3136; x_wconf 91' lang='lat' dir='ltr'><strong>sola</strong></span> <span class='ocrx_word' id='word_1_464' title='bbox 2853 3083 3088 3151; x_wconf 87' lang='lat' dir='ltr'><strong>deliniri,</strong></span> <span class='ocrx_word' id='word_1_465' title='bbox 3115 3101 3237 3155; x_wconf 74' lang='lat' dir='ltr'><strong>qua:</strong></span> <span class='ocrx_word' id='word_1_466' title='bbox 3262 3089 3331 3142; x_wconf 91' lang='lat' dir='ltr'><strong>ad</strong></span> <span class='ocrx_word' id='word_1_467' title='bbox 3352 3087 3613 3143; x_wconf 82' lang='lat' dir='ltr'><strong>malitiam</strong></span> 
     </span>
    </p>
   </div>
   <div class='ocr_carea' id='block_1_62' title="bbox 312 3142 1923 3256">
    <p class='ocr_par' dir='ltr' id='par_1_62' title="bbox 312 3171 1918 3256">
     <span class='ocr_line' id='line_1_62' title="bbox 312 3171 1918 3256; baseline -0.001 -17"><span class='ocrx_word' id='word_1_468' title='bbox 312 3185 435 3241; x_wconf 78' lang='lat' dir='ltr'><strong>talli</strong></span> <span class='ocrx_word' id='word_1_469' title='bbox 470 3171 800 3256; x_wconf 85' lang='lat' dir='ltr'><strong>impossibile</strong></span> <span class='ocrx_word' id='word_1_470' title='bbox 836 3192 949 3248; x_wconf 88' lang='lat' dir='ltr'><strong>est,</strong></span> <span class='ocrx_word' id='word_1_471' title='bbox 978 3198 1200 3239; x_wconf 90' lang='lat' dir='ltr'><strong>securos</strong></span> <span class='ocrx_word' id='word_1_472' title='bbox 1230 3197 1327 3237; x_wconf 93' lang='lat' dir='ltr'><strong>nos</strong></span> <span class='ocrx_word' id='word_1_473' title='bbox 1359 3181 1563 3237; x_wconf 87' lang='lat' dir='ltr'><strong>faceret</strong></span> <span class='ocrx_word' id='word_1_474' title='bbox 1592 3183 1656 3237; x_wconf 92' lang='lat' dir='ltr'><strong>de</strong></span> <span class='ocrx_word' id='word_1_475' title='bbox 1683 3184 1918 3252; x_wconf 85' lang='lat' dir='ltr'><strong>promis-</strong></span> 
     </span>
    </p>
   </div>
   <div class='ocr_carea' id='block_1_63' title="bbox 2025 3142 3615 3256">
    <p class='ocr_par' dir='ltr' id='par_1_63' title="bbox 2027 3173 3615 3247">
     <span class='ocr_line' id='line_1_63' title="bbox 2027 3173 3615 3247; baseline 0.01 -26"><span class='ocrx_word' id='word_1_476' title='bbox 2027 3176 2291 3237; x_wconf 88' lang='lat' dir='ltr'><strong>spectant,</strong></span> <span class='ocrx_word' id='word_1_477' title='bbox 2324 3178 2375 3225; x_wconf 90' lang='lat' dir='ltr'><strong>et</strong></span> <span class='ocrx_word' id='word_1_478' title='bbox 2405 3181 2593 3226; x_wconf 90' lang='lat' dir='ltr'><strong>contra</strong></span> <span class='ocrx_word' id='word_1_479' title='bbox 2621 3173 2795 3245; x_wconf 84' lang='lat' dir='ltr'><strong>legem</strong></span> <span class='ocrx_word' id='word_1_480' title='bbox 2829 3177 2919 3231; x_wconf 90' lang='lat' dir='ltr'><strong>Dei</strong></span> <span class='ocrx_word' id='word_1_481' title='bbox 2951 3187 3185 3247; x_wconf 85' lang='lat' dir='ltr'><strong>aguntur</strong></span> <span class='ocrx_word' id='word_1_482' title='bbox 3211 3197 3225 3234; x_wconf 88' lang='lat'><strong>:</strong></span> <span class='ocrx_word' id='word_1_483' title='bbox 3259 3190 3454 3236; x_wconf 74' lang='lat' dir='ltr'><strong>caetera</strong></span> <span class='ocrx_word' id='word_1_484' title='bbox 3484 3196 3615 3237; x_wconf 87' lang='lat' dir='ltr'><strong>vero</strong></span> 
     </span>
    </p>
   </div>
   <div class='ocr_carea' id='block_1_64' title="bbox 315 3274 1922 3346">
    <p class='ocr_par' dir='ltr' id='par_1_64' title="bbox 315 3274 1922 3346">
     <span class='ocr_line' id='line_1_64' title="bbox 315 3274 1922 3346; baseline -0.002 -12"><span class='ocrx_word' id='word_1_485' title='bbox 315 3279 501 3342; x_wconf 89' lang='lat' dir='ltr'><strong>sione,</strong></span> <span class='ocrx_word' id='word_1_486' title='bbox 542 3276 666 3346; x_wconf 88' lang='lat' dir='ltr'><strong>quia</strong></span> <span class='ocrx_word' id='word_1_487' title='bbox 710 3284 766 3331; x_wconf 90' lang='lat' dir='ltr'><strong>et</strong></span> <span class='ocrx_word' id='word_1_488' title='bbox 806 3277 948 3332; x_wconf 90' lang='lat' dir='ltr'><strong>Deus</strong></span> <span class='ocrx_word' id='word_1_489' title='bbox 987 3283 1102 3341; x_wconf 90' lang='lat' dir='ltr'><strong>est,</strong></span> <span class='ocrx_word' id='word_1_490' title='bbox 1144 3275 1234 3345; x_wconf 91' lang='lat' dir='ltr'><strong>qui</strong></span> <span class='ocrx_word' id='word_1_491' title='bbox 1276 3274 1548 3344; x_wconf 90' lang='lat' dir='ltr'><strong>promisit,</strong></span> <span class='ocrx_word' id='word_1_492' title='bbox 1570 3283 1627 3329; x_wconf 89' lang='lat' dir='ltr'><strong>et</strong></span> <span class='ocrx_word' id='word_1_493' title='bbox 1665 3275 1749 3330; x_wconf 90' lang='lat' dir='ltr'><strong>his</strong></span> <span class='ocrx_word' id='word_1_494' title='bbox 1785 3291 1922 3345; x_wconf 91' lang='lat' dir='ltr'><strong>quos</strong></span> 
     </span>
    </p>
   </div>
   <div class='ocr_carea' id='block_1_65' title="bbox 317 3361 1917 3434">
    <p class='ocr_par' dir='ltr' id='par_1_65' title="bbox 317 3361 1917 3434">
     <span class='ocr_line' id='line_1_65' title="bbox 317 3361 1917 3434; baseline -0.004 -10"><span class='ocrx_word' id='word_1_495' title='bbox 317 3371 522 3425; x_wconf 87' lang='lat' dir='ltr'><strong>charos</strong></span> <span class='ocrx_word' id='word_1_496' title='bbox 578 3365 780 3421; x_wconf 90' lang='lat' dir='ltr'><strong>habere</strong></span> <span class='ocrx_word' id='word_1_497' title='bbox 827 3366 942 3419; x_wconf 91' lang='lat' dir='ltr'><strong>vult</strong></span> <span class='ocrx_word' id='word_1_498' title='bbox 986 3365 1255 3434; x_wconf 90' lang='lat' dir='ltr'><strong>promisit.</strong></span> <span class='ocrx_word' id='word_1_499' title='bbox 1296 3361 1492 3434; x_wconf 71' lang='lat' dir='ltr'><strong>(Orig)</strong></span> <span class='ocrx_word' id='word_1_500' title='bbox 1540 3363 1755 3419; x_wconf 88' lang='lat' dir='ltr'><strong>Primus</strong></span> <span class='ocrx_word' id='word_1_501' title='bbox 1803 3374 1917 3419; x_wconf 88' lang='lat' dir='ltr'><strong>sta-</strong></span> 
     </span>
    </p>
   </div>
   <div class='ocr_carea' id='block_1_66' title="bbox 320 3453 1922 3527">
    <p class='ocr_par' dir='ltr' id='par_1_66' title="bbox 320 3453 1922 3527">
     <span class='ocr_line' id='line_1_66' title="bbox 320 3453 1922 3527; baseline -0.004 -13"><span class='ocrx_word' id='word_1_502' title='bbox 320 3461 423 3515; x_wconf 88' lang='lat' dir='ltr'><strong>tim</strong></span> <span class='ocrx_word' id='word_1_503' title='bbox 456 3471 635 3511; x_wconf 87' lang='lat' dir='ltr'><strong>sermo</strong></span> <span class='ocrx_word' id='word_1_504' title='bbox 674 3455 893 3527; x_wconf 88' lang='lat' dir='ltr'><strong>capituli</strong></span> <span class='ocrx_word' id='word_1_505' title='bbox 923 3453 1081 3523; x_wconf 89' lang='lat' dir='ltr'><strong>hujus</strong></span> <span class='ocrx_word' id='word_1_506' title='bbox 1130 3453 1498 3523; x_wconf 81' lang='lat' dir='ltr'><strong>ambiguitatis</strong></span> <span class='ocrx_word' id='word_1_507' title='bbox 1548 3454 1751 3523; x_wconf 85' lang='lat' dir='ltr'><strong>aliquid</strong></span> <span class='ocrx_word' id='word_1_508' title='bbox 1795 3470 1922 3511; x_wconf 84' lang='lat' dir='ltr'><strong>con-</strong></span> 
     </span>
    </p>
   </div>
   <div class='ocr_carea' id='block_1_67' title="bbox 323 3545 1919 3614">
    <p class='ocr_par' dir='ltr' id='par_1_67' title="bbox 323 3545 1919 3614">
     <span class='ocr_line' id='line_1_67' title="bbox 323 3545 1919 3614; baseline -0.004 -8"><span class='ocrx_word' id='word_1_509' title='bbox 323 3553 465 3607; x_wconf 88' lang='lat' dir='ltr'><strong>tinet</strong></span> <span class='ocrx_word' id='word_1_510' title='bbox 500 3566 513 3601; x_wconf 87' lang='lat'><strong>:</strong></span> <span class='ocrx_word' id='word_1_511' title='bbox 557 3563 662 3602; x_wconf 92' lang='lat' dir='ltr'><strong>non</strong></span> <span class='ocrx_word' id='word_1_512' title='bbox 704 3547 848 3603; x_wconf 91' lang='lat' dir='ltr'><strong>enim</strong></span> <span class='ocrx_word' id='word_1_513' title='bbox 888 3546 1053 3601; x_wconf 89' lang='lat' dir='ltr'><strong>habet</strong></span> <span class='ocrx_word' id='word_1_514' title='bbox 1093 3546 1147 3600; x_wconf 89' lang='lat' dir='ltr'><strong>in</strong></span> <span class='ocrx_word' id='word_1_515' title='bbox 1189 3546 1645 3614; x_wconf 89' lang='lat' dir='ltr'><strong>consequentibus</strong></span> <span class='ocrx_word' id='word_1_516' title='bbox 1686 3546 1752 3600; x_wconf 90' lang='lat' dir='ltr'><strong>ad</strong></span> <span class='ocrx_word' id='word_1_517' title='bbox 1791 3545 1919 3614; x_wconf 89' lang='lat' dir='ltr'><strong>quid</strong></span> 
     </span>
    </p>
   </div>
   <div class='ocr_carea' id='block_1_68' title="bbox 323 3634 1919 3707">
    <p class='ocr_par' dir='ltr' id='par_1_68' title="bbox 323 3634 1919 3707">
     <span class='ocr_line' id='line_1_68' title="bbox 323 3634 1919 3707; baseline -0.002 -13"><span class='ocrx_word' id='word_1_518' title='bbox 323 3638 521 3695; x_wconf 82' lang='lat' dir='ltr'><strong>referri</strong></span> <span class='ocrx_word' id='word_1_519' title='bbox 559 3639 753 3693; x_wconf 87' lang='lat' dir='ltr'><strong>debeat</strong></span> <span class='ocrx_word' id='word_1_520' title='bbox 789 3636 932 3707; x_wconf 85' lang='lat' dir='ltr'><strong>quod</strong></span> <span class='ocrx_word' id='word_1_521' title='bbox 970 3635 1140 3701; x_wconf 76' lang='lat' dir='ltr'><strong>dixit,</strong></span> <span class='ocrx_word' id='word_1_522' title='bbox 1174 3634 1297 3688; x_wconf 88' lang='lat' dir='ltr'><strong>Non</strong></span> <span class='ocrx_word' id='word_1_523' title='bbox 1332 3635 1502 3689; x_wconf 90' lang='lat' dir='ltr'><strong>solum</strong></span> <span class='ocrx_word' id='word_1_524' title='bbox 1538 3645 1732 3690; x_wconf 90' lang='lat' dir='ltr'><strong>autem.</strong></span> <span class='ocrx_word' id='word_1_525' title='bbox 1764 3634 1919 3691; x_wconf 89' lang='lat' dir='ltr'><strong>Unde</strong></span> 
     </span>
    </p>
   </div>
   <div class='ocr_carea' id='block_1_69' title="bbox 324 3726 1920 3798">
    <p class='ocr_par' dir='ltr' id='par_1_69' title="bbox 324 3726 1920 3798">
     <span class='ocr_line' id='line_1_69' title="bbox 324 3726 1920 3798; baseline -0.004 -12"><span class='ocrx_word' id='word_1_526' title='bbox 324 3731 449 3786; x_wconf 90' lang='lat' dir='ltr'><strong>vide</strong></span> <span class='ocrx_word' id='word_1_527' title='bbox 498 3729 542 3785; x_wconf 92' lang='lat' dir='ltr'><strong>si</strong></span> <span class='ocrx_word' id='word_1_528' title='bbox 593 3729 864 3798; x_wconf 89' lang='lat' dir='ltr'><strong>possimus</strong></span> <span class='ocrx_word' id='word_1_529' title='bbox 902 3728 1004 3782; x_wconf 91' lang='lat' dir='ltr'><strong>hoc</strong></span> <span class='ocrx_word' id='word_1_530' title='bbox 1032 3726 1193 3782; x_wconf 89' lang='lat' dir='ltr'><strong>modo</strong></span> <span class='ocrx_word' id='word_1_531' title='bbox 1230 3727 1636 3797; x_wconf 88' lang='lat' dir='ltr'><strong>ambiguitatem</strong></span> <span class='ocrx_word' id='word_1_532' title='bbox 1665 3726 1920 3782; x_wconf 90' lang='lat' dir='ltr'><strong>elocutio-</strong></span> 
     </span>
    </p>
   </div>
   <div class='ocr_carea' id='block_1_70' title="bbox 326 3818 1918 3895">
    <p class='ocr_par' dir='ltr' id='par_1_70' title="bbox 326 3818 1918 3895">
     <span class='ocr_line' id='line_1_70' title="bbox 326 3818 1918 3895; baseline -0.002 -17"><span class='ocrx_word' id='word_1_533' title='bbox 326 3824 412 3878; x_wconf 91' lang='lat' dir='ltr'><strong>nis</strong></span> <span class='ocrx_word' id='word_1_534' title='bbox 438 3820 739 3895; x_wconf 76' lang='lat' dir='ltr'><strong>absolvere.</strong></span> <span class='ocrx_word' id='word_1_535' title='bbox 772 3818 1040 3887; x_wconf 85' lang='lat' dir='ltr'><strong>Quoniam</strong></span> <span class='ocrx_word' id='word_1_536' title='bbox 1072 3820 1127 3873; x_wconf 91' lang='lat' dir='ltr'><strong>in</strong></span> <span class='ocrx_word' id='word_1_537' title='bbox 1154 3818 1523 3890; x_wconf 88' lang='lat' dir='ltr'><strong>superioribus</strong></span> <span class='ocrx_word' id='word_1_538' title='bbox 1552 3818 1721 3872; x_wconf 90' lang='lat' dir='ltr'><strong>multa</strong></span> <span class='ocrx_word' id='word_1_539' title='bbox 1760 3819 1918 3875; x_wconf 89' lang='lat' dir='ltr'><strong>nobis</strong></span> 
     </span>
    </p>
   </div>
   <div class='ocr_carea' id='block_1_71' title="bbox 325 3908 1916 3986">
    <p class='ocr_par' dir='ltr' id='par_1_71' title="bbox 325 3908 1916 3986">
     <span class='ocr_line' id='line_1_71' title="bbox 325 3908 1916 3986; baseline -0.002 -17"><span class='ocrx_word' id='word_1_540' title='bbox 325 3930 422 3986; x_wconf 90' lang='lat' dir='ltr'><strong>per</strong></span> <span class='ocrx_word' id='word_1_541' title='bbox 447 3912 732 3968; x_wconf 91' lang='lat' dir='ltr'><strong>Dominum</strong></span> <span class='ocrx_word' id='word_1_542' title='bbox 756 3920 1003 3967; x_wconf 89' lang='lat' dir='ltr'><strong>nostrum</strong></span> <span class='ocrx_word' id='word_1_543' title='bbox 1026 3908 1208 3966; x_wconf 85' lang='lat' dir='ltr'><strong>Jesum</strong></span> <span class='ocrx_word' id='word_1_544' title='bbox 1234 3909 1510 3966; x_wconf 90' lang='lat' dir='ltr'><strong>Christum</strong></span> <span class='ocrx_word' id='word_1_545' title='bbox 1537 3911 1773 3981; x_wconf 72' lang='lat' dir='ltr'><strong>przestita</strong></span> <span class='ocrx_word' id='word_1_546' title='bbox 1796 3925 1916 3967; x_wconf 92' lang='lat' dir='ltr'><strong>esse</strong></span> 
     </span>
    </p>
   </div>
   <div class='ocr_carea' id='block_1_72' title="bbox 325 4001 1917 4078">
    <p class='ocr_par' dir='ltr' id='par_1_72' title="bbox 325 4001 1917 4078">
     <span class='ocr_line' id='line_1_72' title="bbox 325 4001 1917 4078; baseline -0.002 -18"><span class='ocrx_word' id='word_1_547' title='bbox 325 4005 625 4078; x_wconf 90' lang='lat' dir='ltr'><strong>perdocuit,</strong></span> <span class='ocrx_word' id='word_1_548' title='bbox 659 4013 720 4059; x_wconf 91' lang='lat' dir='ltr'><strong>ut</strong></span> <span class='ocrx_word' id='word_1_549' title='bbox 755 4019 878 4059; x_wconf 91' lang='lat' dir='ltr'><strong>cum</strong></span> <span class='ocrx_word' id='word_1_550' title='bbox 918 4002 1048 4058; x_wconf 91' lang='lat' dir='ltr'><strong>dicit</strong></span> <span class='ocrx_word' id='word_1_551' title='bbox 1083 4001 1407 4072; x_wconf 89' lang='lat' dir='ltr'><strong>justiﬁcatos</strong></span> <span class='ocrx_word' id='word_1_552' title='bbox 1438 4018 1535 4056; x_wconf 90' lang='lat' dir='ltr'><strong>nos</strong></span> <span class='ocrx_word' id='word_1_553' title='bbox 1564 4018 1683 4056; x_wconf 90' lang='lat' dir='ltr'><strong>esse</strong></span> <span class='ocrx_word' id='word_1_554' title='bbox 1712 4019 1779 4056; x_wconf 84' lang='lat' dir='ltr'><strong>ex</strong></span> <span class='ocrx_word' id='word_1_555' title='bbox 1810 4001 1917 4057; x_wconf 88' lang='lat' dir='ltr'><strong>ﬁde</strong></span> 
     </span>
    </p>
   </div>
   <div class='ocr_carea' id='block_1_73' title="bbox 326 4091 1913 4168">
    <p class='ocr_par' dir='ltr' id='par_1_73' title="bbox 326 4091 1913 4168">
     <span class='ocr_line' id='line_1_73' title="bbox 326 4091 1913 4168; baseline -0.002 -17"><span class='ocrx_word' id='word_1_556' title='bbox 326 4111 421 4168; x_wconf 89' lang='lat' dir='ltr'><strong>per</strong></span> <span class='ocrx_word' id='word_1_557' title='bbox 444 4094 732 4150; x_wconf 90' lang='lat' dir='ltr'><strong>Dominum</strong></span> <span class='ocrx_word' id='word_1_558' title='bbox 760 4100 1004 4150; x_wconf 90' lang='lat' dir='ltr'><strong>nostrum</strong></span> <span class='ocrx_word' id='word_1_559' title='bbox 1023 4093 1205 4148; x_wconf 90' lang='lat' dir='ltr'><strong>Jesum</strong></span> <span class='ocrx_word' id='word_1_560' title='bbox 1225 4091 1521 4158; x_wconf 87' lang='lat' dir='ltr'><strong>Christum,</strong></span> <span class='ocrx_word' id='word_1_561' title='bbox 1546 4102 1603 4148; x_wconf 90' lang='lat' dir='ltr'><strong>et</strong></span> <span class='ocrx_word' id='word_1_562' title='bbox 1622 4108 1717 4163; x_wconf 88' lang='lat' dir='ltr'><strong>per</strong></span> <span class='ocrx_word' id='word_1_563' title='bbox 1737 4094 1913 4163; x_wconf 91' lang='lat' dir='ltr'><strong>ipsum</strong></span> 
     </span>
    </p>
   </div>
   <div class='ocr_carea' id='block_1_74' title="bbox 242 4176 1913 4258">
    <p class='ocr_par' dir='ltr' id='par_1_74' title="bbox 242 4176 1913 4258">
     <span class='ocr_line' id='line_1_74' title="bbox 242 4176 1913 4258; baseline 0.001 -19"><span class='ocrx_word' id='word_1_564' title='bbox 242 4231 249 4239; x_wconf 92' lang='lat'><strong>.</strong></span> <span class='ocrx_word' id='word_1_565' title='bbox 327 4204 603 4246; x_wconf 90' lang='lat' dir='ltr'><strong>accessum</strong></span> <span class='ocrx_word' id='word_1_566' title='bbox 634 4176 833 4243; x_wconf 81' lang='lat' dir='ltr'><strong>habere</strong></span> <span class='ocrx_word' id='word_1_567' title='bbox 864 4187 917 4242; x_wconf 93' lang='lat' dir='ltr'><strong>in</strong></span> <span class='ocrx_word' id='word_1_568' title='bbox 946 4187 1177 4258; x_wconf 86' lang='lat' dir='ltr'><strong>gratiam</strong></span> <span class='ocrx_word' id='word_1_569' title='bbox 1210 4187 1388 4252; x_wconf 89' lang='lat' dir='ltr'><strong>istam,</strong></span> <span class='ocrx_word' id='word_1_570' title='bbox 1419 4201 1517 4257; x_wconf 91' lang='lat' dir='ltr'><strong>per</strong></span> <span class='ocrx_word' id='word_1_571' title='bbox 1544 4187 1720 4257; x_wconf 89' lang='lat' dir='ltr'><strong>ipsum</strong></span> <span class='ocrx_word' id='word_1_572' title='bbox 1749 4187 1913 4242; x_wconf 89' lang='lat' dir='ltr'><strong>etiam</strong></span> 
     </span>
    </p>
   </div>
   <div class='ocr_carea' id='block_1_75' title="bbox 329 4270 1912 4353">
    <p class='ocr_par' dir='ltr' id='par_1_75' title="bbox 329 4270 1912 4353">
     <span class='ocr_line' id='line_1_75' title="bbox 329 4270 1912 4353; baseline -0.001 -20"><span class='ocrx_word' id='word_1_573' title='bbox 329 4270 542 4352; x_wconf 85' lang='lat' dir='ltr'><strong>gloriari</strong></span> <span class='ocrx_word' id='word_1_574' title='bbox 580 4278 633 4332; x_wconf 91' lang='lat' dir='ltr'><strong>in</strong></span> <span class='ocrx_word' id='word_1_575' title='bbox 672 4293 768 4348; x_wconf 90' lang='lat' dir='ltr'><strong>spe</strong></span> <span class='ocrx_word' id='word_1_576' title='bbox 794 4278 979 4349; x_wconf 76' lang='lat' dir='ltr'><strong>gloriae</strong></span> <span class='ocrx_word' id='word_1_577' title='bbox 1008 4278 1134 4353; x_wconf 82' lang='lat' dir='ltr'><strong>Dei;</strong></span> <span class='ocrx_word' id='word_1_578' title='bbox 1174 4276 1243 4331; x_wconf 88' lang='lat' dir='ltr'><strong>ad</strong></span> <span class='ocrx_word' id='word_1_579' title='bbox 1270 4276 1385 4332; x_wconf 62' lang='lat' dir='ltr'><strong>haec</strong></span> <span class='ocrx_word' id='word_1_580' title='bbox 1413 4278 1594 4332; x_wconf 88' lang='lat' dir='ltr'><strong>omnia</strong></span> <span class='ocrx_word' id='word_1_581' title='bbox 1624 4292 1744 4346; x_wconf 64' lang='lat' dir='ltr'><strong>qum</strong></span> <span class='ocrx_word' id='word_1_582' title='bbox 1770 4276 1912 4333; x_wconf 90' lang='lat' dir='ltr'><strong>dicta</strong></span> 
     </span>
    </p>
   </div>
   <div class='ocr_carea' id='block_1_76' title="bbox 329 4368 1909 4441">
    <p class='ocr_par' dir='ltr' id='par_1_76' title="bbox 329 4368 1909 4441">
     <span class='ocr_line' id='line_1_76' title="bbox 329 4368 1909 4441; baseline -0.002 -13"><span class='ocrx_word' id='word_1_583' title='bbox 329 4380 468 4437; x_wconf 91' lang='lat' dir='ltr'><strong>sunt,</strong></span> <span class='ocrx_word' id='word_1_584' title='bbox 498 4372 690 4427; x_wconf 87' lang='lat' dir='ltr'><strong>referri</strong></span> <span class='ocrx_word' id='word_1_585' title='bbox 718 4381 846 4441; x_wconf 88' lang='lat' dir='ltr'><strong>puto</strong></span> <span class='ocrx_word' id='word_1_586' title='bbox 874 4370 1099 4425; x_wconf 88' lang='lat' dir='ltr'><strong>debere:</strong></span> <span class='ocrx_word' id='word_1_587' title='bbox 1123 4368 1246 4423; x_wconf 89' lang='lat' dir='ltr'><strong>Non</strong></span> <span class='ocrx_word' id='word_1_588' title='bbox 1268 4368 1437 4422; x_wconf 90' lang='lat' dir='ltr'><strong>solum</strong></span> <span class='ocrx_word' id='word_1_589' title='bbox 1462 4378 1656 4433; x_wconf 85' lang='lat' dir='ltr'><strong>autem,</strong></span> <span class='ocrx_word' id='word_1_590' title='bbox 1683 4369 1787 4425; x_wconf 89' lang='lat' dir='ltr'><strong>hoc</strong></span> <span class='ocrx_word' id='word_1_591' title='bbox 1808 4379 1909 4435; x_wconf 89' lang='lat' dir='ltr'><strong>est,</strong></span> 
     </span>
    </p>
   </div>
   <div class='ocr_carea' id='block_1_77' title="bbox 332 4456 1909 4531">
    <p class='ocr_par' dir='ltr' id='par_1_77' title="bbox 332 4456 1909 4531">
     <span class='ocr_line' id='line_1_77' title="bbox 332 4456 1909 4531; baseline -0.001 -14"><span class='ocrx_word' id='word_1_592' title='bbox 332 4462 441 4518; x_wconf 87' lang='lat' dir='ltr'><strong>Non</strong></span> <span class='ocrx_word' id='word_1_593' title='bbox 482 4462 655 4516; x_wconf 89' lang='lat' dir='ltr'><strong>solum</strong></span> <span class='ocrx_word' id='word_1_594' title='bbox 699 4461 820 4526; x_wconf 87' lang='lat' dir='ltr'><strong>hoc,</strong></span> <span class='ocrx_word' id='word_1_595' title='bbox 852 4460 995 4530; x_wconf 90' lang='lat' dir='ltr'><strong>quod</strong></span> <span class='ocrx_word' id='word_1_596' title='bbox 1034 4474 1198 4528; x_wconf 88' lang='lat' dir='ltr'><strong>supra</strong></span> <span class='ocrx_word' id='word_1_597' title='bbox 1236 4459 1384 4525; x_wconf 82' lang='lat' dir='ltr'><strong>dixi;</strong></span> <span class='ocrx_word' id='word_1_598' title='bbox 1414 4456 1507 4513; x_wconf 77' lang='lat' dir='ltr'><strong>Sed</strong></span> <span class='ocrx_word' id='word_1_599' title='bbox 1546 4467 1600 4512; x_wconf 90' lang='lat' dir='ltr'><strong>et</strong></span> <span class='ocrx_word' id='word_1_600' title='bbox 1636 4460 1737 4515; x_wconf 89' lang='lat' dir='ltr'><strong>hoc</strong></span> <span class='ocrx_word' id='word_1_601' title='bbox 1767 4460 1909 4531; x_wconf 94' lang='lat' dir='ltr'><strong>quod</strong></span> 
     </span>
    </p>
   </div>
   <div class='ocr_carea' id='block_1_78' title="bbox 331 4549 1905 4627">
    <p class='ocr_par' dir='ltr' id='par_1_78' title="bbox 331 4549 1905 4627">
     <span class='ocr_line' id='line_1_78' title="bbox 331 4549 1905 4627; baseline 0 -21"><span class='ocrx_word' id='word_1_602' title='bbox 331 4554 612 4627; x_wconf 85' lang='lat' dir='ltr'><strong>gloriamur</strong></span> <span class='ocrx_word' id='word_1_603' title='bbox 650 4553 705 4606; x_wconf 88' lang='lat' dir='ltr'><strong>in</strong></span> <span class='ocrx_word' id='word_1_604' title='bbox 748 4549 1168 4604; x_wconf 88' lang='lat' dir='ltr'><strong>tribulationibus</strong></span> <span class='ocrx_word' id='word_1_605' title='bbox 1210 4550 1433 4614; x_wconf 86' lang='lat' dir='ltr'><strong>nostris,</strong></span> <span class='ocrx_word' id='word_1_606' title='bbox 1480 4564 1577 4618; x_wconf 83' lang='lat' dir='ltr'><strong>per</strong></span> <span class='ocrx_word' id='word_1_607' title='bbox 1622 4549 1905 4607; x_wconf 89' lang='lat' dir='ltr'><strong>Dominum</strong></span> 
     </span>
    </p>
   </div>
   <div class='ocr_carea' id='block_1_79' title="bbox 332 4639 1907 4698">
    <p class='ocr_par' dir='ltr' id='par_1_79' title="bbox 332 4639 1907 4698">
     <span class='ocr_line' id='line_1_79' title="bbox 332 4639 1907 4698; baseline -0.003 0"><span class='ocrx_word' id='word_1_608' title='bbox 332 4654 564 4698; x_wconf 83' lang='lat' dir='ltr'><strong>nostrum</strong></span> <span class='ocrx_word' id='word_1_609' title='bbox 598 4642 781 4698; x_wconf 83' lang='lat' dir='ltr'><strong>Jesum</strong></span> <span class='ocrx_word' id='word_1_610' title='bbox 826 4640 1098 4696; x_wconf 89' lang='lat' dir='ltr'><strong>Christum</strong></span> <span class='ocrx_word' id='word_1_611' title='bbox 1138 4640 1418 4694; x_wconf 88' lang='lat' dir='ltr'><strong>habemus.</strong></span> <span class='ocrx_word' id='word_1_612' title='bbox 1450 4639 1672 4695; x_wconf 69' lang='lat' dir='ltr'><strong>Cmteris</strong></span> <span class='ocrx_word' id='word_1_613' title='bbox 1706 4642 1907 4695; x_wconf 90' lang='lat' dir='ltr'><strong>etenim</strong></span> 
     </span>
    </p>
   </div>
   <div class='ocr_carea' id='block_1_80' title="bbox 333 4731 1908 4802">
    <p class='ocr_par' dir='ltr' id='par_1_80' title="bbox 333 4731 1908 4802">
     <span class='ocr_line' id='line_1_80' title="bbox 333 4731 1908 4802; baseline -0.001 -13"><span class='ocrx_word' id='word_1_614' title='bbox 333 4736 382 4789; x_wconf 91' lang='lat' dir='ltr'><strong>in</strong></span> <span class='ocrx_word' id='word_1_615' title='bbox 412 4734 753 4790; x_wconf 89' lang='lat' dir='ltr'><strong>tribulatione</strong></span> <span class='ocrx_word' id='word_1_616' title='bbox 780 4731 1139 4796; x_wconf 88' lang='lat' dir='ltr'><strong>tristantibus,</strong></span> <span class='ocrx_word' id='word_1_617' title='bbox 1179 4746 1278 4786; x_wconf 93' lang='lat' dir='ltr'><strong>nos</strong></span> <span class='ocrx_word' id='word_1_618' title='bbox 1307 4731 1490 4802; x_wconf 69' lang='lat' dir='ltr'><strong>gloria:</strong></span> <span class='ocrx_word' id='word_1_619' title='bbox 1516 4731 1683 4800; x_wconf 88' lang='lat' dir='ltr'><strong>ipsius</strong></span> <span class='ocrx_word' id='word_1_620' title='bbox 1710 4732 1908 4787; x_wconf 85' lang='lat' dir='ltr'><strong>virtute.</strong></span> 
     </span>
    </p>
   </div>
   <div class='ocr_carea' id='block_1_81' title="bbox 335 4817 1905 4895">
    <p class='ocr_par' dir='ltr' id='par_1_81' title="bbox 335 4817 1905 4895">
     <span class='ocr_line' id='line_1_81' title="bbox 335 4817 1905 4895; baseline -0.004 -12"><span class='ocrx_word' id='word_1_621' title='bbox 335 4827 583 4895; x_wconf 88' lang='lat' dir='ltr'><strong>roborati,</strong></span> <span class='ocrx_word' id='word_1_622' title='bbox 640 4826 695 4880; x_wconf 91' lang='lat' dir='ltr'><strong>iu</strong></span> <span class='ocrx_word' id='word_1_623' title='bbox 755 4822 1192 4879; x_wconf 86' lang='lat' dir='ltr'><strong>tribulationibus</strong></span> <span class='ocrx_word' id='word_1_624' title='bbox 1242 4817 1561 4893; x_wconf 72' lang='lat' dir='ltr'><strong>gloriambr.</strong></span> <span class='ocrx_word' id='word_1_625' title='bbox 1612 4822 1905 4878; x_wconf 90' lang='lat' dir='ltr'><strong>Didicimus</strong></span> 
     </span>
    </p>
   </div>
   <div class='ocr_carea' id='block_1_82' title="bbox 328 4912 1907 4990">
    <p class='ocr_par' dir='ltr' id='par_1_82' title="bbox 328 4912 1907 4990">
     <span class='ocr_line' id='line_1_82' title="bbox 328 4912 1907 4990; baseline -0.004 -15"><span class='ocrx_word' id='word_1_626' title='bbox 328 4914 556 4990; x_wconf 82' lang='lat' dir='ltr'><strong>namque</strong></span> <span class='ocrx_word' id='word_1_627' title='bbox 584 4931 775 4972; x_wconf 89' lang='lat' dir='ltr'><strong>novam</strong></span> <span class='ocrx_word' id='word_1_628' title='bbox 806 4931 872 4969; x_wconf 79' lang='lat' dir='ltr'><strong>ex</strong></span> <span class='ocrx_word' id='word_1_629' title='bbox 901 4914 1203 4969; x_wconf 90' lang='lat' dir='ltr'><strong>eruditione</strong></span> <span class='ocrx_word' id='word_1_630' title='bbox 1241 4913 1410 4984; x_wconf 89' lang='lat' dir='ltr'><strong>ipsius</strong></span> <span class='ocrx_word' id='word_1_631' title='bbox 1452 4912 1809 4982; x_wconf 89' lang='lat' dir='ltr'><strong>disciplinam,</strong></span> <span class='ocrx_word' id='word_1_632' title='bbox 1847 4923 1907 4968; x_wconf 91' lang='lat' dir='ltr'><strong>ut</strong></span> 
     </span>
    </p>
   </div>
   <div class='ocr_carea' id='block_1_83' title="bbox 334 5004 1907 5083">
    <p class='ocr_par' dir='ltr' id='par_1_83' title="bbox 334 5004 1907 5083">
     <span class='ocr_line' id='line_1_83' title="bbox 334 5004 1907 5083; baseline -0.004 -17"><span class='ocrx_word' id='word_1_633' title='bbox 334 5007 801 5083; x_wconf 84' lang='lat' dir='ltr'><strong>pertribulationes</strong></span> <span class='ocrx_word' id='word_1_634' title='bbox 821 5006 1020 5062; x_wconf 91' lang='lat' dir='ltr'><strong>bonum</strong></span> <span class='ocrx_word' id='word_1_635' title='bbox 1041 5004 1311 5073; x_wconf 71' lang='lat' dir='ltr'><strong>patientia:</strong></span> <span class='ocrx_word' id='word_1_636' title='bbox 1324 5005 1599 5074; x_wconf 87' lang='lat' dir='ltr'><strong>capiamus</strong></span> <span class='ocrx_word' id='word_1_637' title='bbox 1615 5021 1628 5071; x_wconf 90' lang='lat'><strong>;</strong></span> <span class='ocrx_word' id='word_1_638' title='bbox 1645 5004 1907 5060; x_wconf 89' lang='lat' dir='ltr'><strong>habentes</strong></span> 
     </span>
    </p>
   </div>
   <div class='ocr_carea' id='block_1_84' title="bbox 334 5094 1908 5175">
    <p class='ocr_par' dir='ltr' id='par_1_84' title="bbox 334 5094 1908 5175">
     <span class='ocr_line' id='line_1_84' title="bbox 334 5094 1908 5175; baseline -0.003 -18"><span class='ocrx_word' id='word_1_639' title='bbox 334 5120 448 5159; x_wconf 77' lang='lat' dir='ltr'><strong>vero</strong></span> <span class='ocrx_word' id='word_1_640' title='bbox 474 5102 746 5175; x_wconf 86' lang='lat' dir='ltr'><strong>patientiae</strong></span> <span class='ocrx_word' id='word_1_641' title='bbox 762 5100 981 5163; x_wconf 89' lang='lat' dir='ltr'><strong>bonum,</strong></span> <span class='ocrx_word' id='word_1_642' title='bbox 1014 5096 1320 5168; x_wconf 76' lang='lat' dir='ltr'><strong>prebabiles</strong></span> <span class='ocrx_word' id='word_1_643' title='bbox 1346 5094 1655 5164; x_wconf 76' lang='lat' dir='ltr'><strong>iudicemur</strong></span> <span class='ocrx_word' id='word_1_644' title='bbox 1681 5114 1695 5150; x_wconf 89' lang='lat'><strong>:</strong></span> <span class='ocrx_word' id='word_1_645' title='bbox 1726 5104 1780 5151; x_wconf 91' lang='lat' dir='ltr'><strong>et</strong></span> <span class='ocrx_word' id='word_1_646' title='bbox 1809 5112 1908 5167; x_wconf 83' lang='lat' dir='ltr'><strong>per</strong></span> 
     </span>
    </p>
   </div>
   <div class='ocr_carea' id='block_1_85' title="bbox 334 5190 1906 5267">
    <p class='ocr_par' dir='ltr' id='par_1_85' title="bbox 334 5190 1906 5267">
     <span class='ocr_line' id='line_1_85' title="bbox 334 5190 1906 5267; baseline -0.003 -17"><span class='ocrx_word' id='word_1_647' title='bbox 334 5198 632 5267; x_wconf 87' lang='lat' dir='ltr'><strong>patientiam</strong></span> <span class='ocrx_word' id='word_1_648' title='bbox 663 5195 949 5251; x_wconf 88' lang='lat' dir='ltr'><strong>multarum</strong></span> <span class='ocrx_word' id='word_1_649' title='bbox 980 5190 1384 5246; x_wconf 82' lang='lat' dir='ltr'><strong>tribulatiOnum</strong></span> <span class='ocrx_word' id='word_1_650' title='bbox 1401 5191 1803 5262; x_wconf 88' lang='lat' dir='ltr'><strong>probati,spem</strong></span> <span class='ocrx_word' id='word_1_651' title='bbox 1828 5190 1906 5246; x_wconf 32' lang='lat' dir='ltr'><strong>fus</strong></span> 
     </span>
    </p>
   </div>
   <div class='ocr_carea' id='block_1_86' title="bbox 336 5283 1902 5353">
    <p class='ocr_par' dir='ltr' id='par_1_86' title="bbox 336 5283 1902 5353">
     <span class='ocr_line' id='line_1_86' title="bbox 336 5283 1902 5353; baseline -0.003 -11"><span class='ocrx_word' id='word_1_652' title='bbox 336 5298 454 5343; x_wconf 69' lang='lat' dir='ltr'><strong>tura:</strong></span> <span class='ocrx_word' id='word_1_653' title='bbox 494 5305 526 5342; x_wconf 91' lang='lat' dir='ltr'><strong>a</strong></span> <span class='ocrx_word' id='word_1_654' title='bbox 569 5287 679 5343; x_wconf 90' lang='lat' dir='ltr'><strong>Deo</strong></span> <span class='ocrx_word' id='word_1_655' title='bbox 728 5283 1178 5342; x_wconf 88' lang='lat' dir='ltr'><strong>remunerationis</strong></span> <span class='ocrx_word' id='word_1_656' title='bbox 1227 5283 1521 5338; x_wconf 86' lang='lat' dir='ltr'><strong>habeamus</strong></span> <span class='ocrx_word' id='word_1_657' title='bbox 1550 5302 1561 5336; x_wconf 93' lang='lat'>:</span> <span class='ocrx_word' id='word_1_658' title='bbox 1589 5298 1709 5352; x_wconf 64' lang='lat' dir='ltr'><strong>quae</strong></span> <span class='ocrx_word' id='word_1_659' title='bbox 1757 5298 1902 5353; x_wconf 89' lang='lat' dir='ltr'><strong>spes,</strong></span> 
     </span>
    </p>
   </div>
   <div class='ocr_carea' id='block_1_87' title="bbox 402 5360 1906 5449">
    <p class='ocr_par' dir='ltr' id='par_1_87' title="bbox 402 5360 1906 5449">
     <span class='ocr_line' id='line_1_87' title="bbox 402 5360 1906 5449; baseline -0.001 -18"><span class='ocrx_word' id='word_1_660' title='bbox 402 5377 445 5449; x_wconf 82' lang='lat' dir='ltr'><strong>ia</strong></span> <span class='ocrx_word' id='word_1_661' title='bbox 474 5385 624 5433; x_wconf 89' lang='lat' dir='ltr'><strong>certa</strong></span> <span class='ocrx_word' id='word_1_662' title='bbox 652 5360 711 5431; x_wconf 88' lang='lat' dir='ltr'><strong>et</strong></span> <span class='ocrx_word' id='word_1_663' title='bbox 733 5392 859 5431; x_wconf 89' lang='lat' dir='ltr'><strong>vera</strong></span> <span class='ocrx_word' id='word_1_664' title='bbox 895 5385 1005 5441; x_wconf 78' lang='lat' dir='ltr'><strong>est,&quot;</strong></span> <span class='ocrx_word' id='word_1_665' title='bbox 1032 5391 1137 5431; x_wconf 92' lang='lat' dir='ltr'><strong>non</strong></span> <span class='ocrx_word' id='word_1_666' title='bbox 1168 5373 1447 5430; x_wconf 87' lang='lat' dir='ltr'><strong>confundit</strong></span> <span class='ocrx_word' id='word_1_667' title='bbox 1481 5383 1778 5445; x_wconf 88' lang='lat' dir='ltr'><strong>sperantes.</strong></span> <span class='ocrx_word' id='word_1_668' title='bbox 1820 5375 1906 5430; x_wconf 90' lang='lat' dir='ltr'><strong>Fi-</strong></span> 
     </span>
    </p>
   </div>
   <div class='ocr_carea' id='block_1_88' title="bbox 333 5469 1901 5541">
    <p class='ocr_par' dir='ltr' id='par_1_88' title="bbox 333 5469 1901 5541">
     <span class='ocr_line' id='line_1_88' title="bbox 333 5469 1901 5541; baseline -0.001 -13"><span class='ocrx_word' id='word_1_669' title='bbox 333 5469 444 5528; x_wconf 85' lang='lat' dir='ltr'><strong>dem</strong></span> <span class='ocrx_word' id='word_1_670' title='bbox 476 5485 708 5540; x_wconf 89' lang='lat' dir='ltr'><strong>namque</strong></span> <span class='ocrx_word' id='word_1_671' title='bbox 736 5477 791 5524; x_wconf 89' lang='lat' dir='ltr'><strong>et</strong></span> <span class='ocrx_word' id='word_1_672' title='bbox 814 5483 962 5539; x_wconf 91' lang='lat' dir='ltr'><strong>spem</strong></span> <span class='ocrx_word' id='word_1_673' title='bbox 994 5470 1340 5539; x_wconf 89' lang='lat' dir='ltr'><strong>consequitur</strong></span> <span class='ocrx_word' id='word_1_674' title='bbox 1366 5469 1605 5525; x_wconf 90' lang='lat' dir='ltr'><strong>charitas</strong></span> <span class='ocrx_word' id='word_1_675' title='bbox 1636 5469 1749 5531; x_wconf 88' lang='lat' dir='ltr'><strong>Dei,</strong></span> <span class='ocrx_word' id='word_1_676' title='bbox 1782 5485 1901 5541; x_wconf 68' lang='lat' dir='ltr'><strong>qua:</strong></span> 
     </span>
    </p>
   </div>
   <div class='ocr_carea' id='block_1_89' title="bbox 336 5561 1904 5631">
    <p class='ocr_par' dir='ltr' id='par_1_89' title="bbox 336 5561 1904 5631">
     <span class='ocr_line' id='line_1_89' title="bbox 336 5561 1904 5631; baseline -0.001 -12"><span class='ocrx_word' id='word_1_677' title='bbox 336 5564 560 5620; x_wconf 75' lang='lat' dir='ltr'><strong>cautium</strong></span> <span class='ocrx_word' id='word_1_678' title='bbox 596 5562 767 5631; x_wconf 86' lang='lat' dir='ltr'><strong>major</strong></span> <span class='ocrx_word' id='word_1_679' title='bbox 794 5568 907 5627; x_wconf 91' lang='lat' dir='ltr'><strong>est,</strong></span> <span class='ocrx_word' id='word_1_680' title='bbox 937 5568 992 5614; x_wconf 92' lang='lat' dir='ltr'><strong>et</strong></span> <span class='ocrx_word' id='word_1_681' title='bbox 1020 5576 1125 5615; x_wconf 90' lang='lat' dir='ltr'><strong>non</strong></span> <span class='ocrx_word' id='word_1_682' title='bbox 1153 5561 1325 5616; x_wconf 91' lang='lat' dir='ltr'><strong>solum</strong></span> <span class='ocrx_word' id='word_1_683' title='bbox 1356 5561 1525 5631; x_wconf 87' lang='lat' dir='ltr'><strong>replet</strong></span> <span class='ocrx_word' id='word_1_684' title='bbox 1548 5570 1784 5617; x_wconf 84' lang='lat' dir='ltr'><strong>utentem</strong></span> <span class='ocrx_word' id='word_1_685' title='bbox 1812 5578 1904 5618; x_wconf 86' lang='lat' dir='ltr'><strong>no-</strong></span> 
     </span>
    </p>
   </div>
   <div class='ocr_carea' id='block_1_90' title="bbox 336 5651 1901 5723">
    <p class='ocr_par' dir='ltr' id='par_1_90' title="bbox 336 5651 1901 5723">
     <span class='ocr_line' id='line_1_90' title="bbox 336 5651 1901 5723; baseline -0.002 -12"><span class='ocrx_word' id='word_1_686' title='bbox 336 5663 509 5723; x_wconf 87' lang='lat' dir='ltr'><strong>stram,</strong></span> <span class='ocrx_word' id='word_1_687' title='bbox 539 5654 634 5710; x_wconf 90' lang='lat' dir='ltr'><strong>sed</strong></span> <span class='ocrx_word' id='word_1_688' title='bbox 661 5662 717 5709; x_wconf 86' lang='lat' dir='ltr'><strong>et</strong></span> <span class='ocrx_word' id='word_1_689' title='bbox 743 5652 981 5708; x_wconf 88' lang='lat' dir='ltr'><strong>abundat</strong></span> <span class='ocrx_word' id='word_1_690' title='bbox 1008 5667 1072 5707; x_wconf 91' lang='lat' dir='ltr'><strong>ac</strong></span> <span class='ocrx_word' id='word_1_691' title='bbox 1102 5651 1420 5707; x_wconf 80' lang='lat' dir='ltr'><strong>dilfunditur</strong></span> <span class='ocrx_word' id='word_1_692' title='bbox 1447 5653 1500 5707; x_wconf 90' lang='lat' dir='ltr'><strong>in</strong></span> <span class='ocrx_word' id='word_1_693' title='bbox 1527 5653 1778 5708; x_wconf 89' lang='lat' dir='ltr'><strong>cordibus</strong></span> <span class='ocrx_word' id='word_1_694' title='bbox 1804 5669 1901 5710; x_wconf 90' lang='lat' dir='ltr'><strong>no-</strong></span> 
     </span>
    </p>
   </div>
   <div class='ocr_carea' id='block_1_91' title="bbox 338 5740 1900 5819">
    <p class='ocr_par' dir='ltr' id='par_1_91' title="bbox 338 5740 1900 5819">
     <span class='ocr_line' id='line_1_91' title="bbox 338 5740 1900 5819; baseline -0.001 -17"><span class='ocrx_word' id='word_1_695' title='bbox 338 5748 469 5818; x_wconf 86' lang='lat' dir='ltr'><strong>stris,</strong></span> <span class='ocrx_word' id='word_1_696' title='bbox 499 5762 599 5819; x_wconf 91' lang='lat' dir='ltr'><strong>pro</strong></span> <span class='ocrx_word' id='word_1_697' title='bbox 628 5761 694 5805; x_wconf 92' lang='lat' dir='ltr'><strong>eo</strong></span> <span class='ocrx_word' id='word_1_698' title='bbox 715 5746 858 5817; x_wconf 88' lang='lat' dir='ltr'><strong>quod</strong></span> <span class='ocrx_word' id='word_1_699' title='bbox 880 5758 990 5801; x_wconf 88' lang='lat' dir='ltr'><strong>non</strong></span> <span class='ocrx_word' id='word_1_700' title='bbox 1017 5743 1256 5799; x_wconf 86' lang='lat' dir='ltr'><strong>humana</strong></span> <span class='ocrx_word' id='word_1_701' title='bbox 1283 5756 1313 5798; x_wconf 91' lang='lat' dir='ltr'><strong>a</strong></span> <span class='ocrx_word' id='word_1_702' title='bbox 1337 5740 1492 5800; x_wconf 90' lang='lat' dir='ltr'><strong>nobis</strong></span> <span class='ocrx_word' id='word_1_703' title='bbox 1522 5752 1639 5800; x_wconf 89' lang='lat' dir='ltr'><strong>arte</strong></span> <span class='ocrx_word' id='word_1_704' title='bbox 1669 5744 1900 5814; x_wconf 87' lang='lat' dir='ltr'><strong>acquiri-</strong></span> 
     </span>
    </p>
   </div>
   <div class='ocr_carea' id='block_1_92' title="bbox 2021 3258 3615 3342">
    <p class='ocr_par' dir='ltr' id='par_1_92' title="bbox 2021 3258 3615 3342">
     <span class='ocr_line' id='line_1_92' title="bbox 2021 3258 3615 3342; baseline 0.01 -30"><span class='ocrx_word' id='word_1_705' title='bbox 2021 3258 2381 3317; x_wconf 81' lang='lat' dir='ltr'><strong>indiﬁ&#39;erentia</strong></span> <span class='ocrx_word' id='word_1_706' title='bbox 2418 3279 2561 3331; x_wconf 91' lang='lat' dir='ltr'><strong>esse,</strong></span> <span class='ocrx_word' id='word_1_707' title='bbox 2598 3266 2652 3320; x_wconf 89' lang='lat' dir='ltr'><strong>id</strong></span> <span class='ocrx_word' id='word_1_708' title='bbox 2684 3276 2798 3333; x_wconf 91' lang='lat' dir='ltr'><strong>est,</strong></span> <span class='ocrx_word' id='word_1_709' title='bbox 2838 3283 3014 3339; x_wconf 90' lang='lat' dir='ltr'><strong>neque</strong></span> <span class='ocrx_word' id='word_1_710' title='bbox 3052 3270 3215 3337; x_wconf 88' lang='lat' dir='ltr'><strong>bona,</strong></span> <span class='ocrx_word' id='word_1_711' title='bbox 3262 3287 3436 3342; x_wconf 90' lang='lat' dir='ltr'><strong>neque</strong></span> <span class='ocrx_word' id='word_1_712' title='bbox 3475 3273 3615 3330; x_wconf 91' lang='lat' dir='ltr'><strong>mala</strong></span> 
     </span>
    </p>
   </div>
   <div class='ocr_carea' id='block_1_93' title="bbox 2018 3353 3617 3434">
    <p class='ocr_par' dir='ltr' id='par_1_93' title="bbox 2018 3353 3617 3434">
     <span class='ocr_line' id='line_1_93' title="bbox 2018 3353 3617 3434; baseline 0.011 -30"><span class='ocrx_word' id='word_1_713' title='bbox 2018 3354 2368 3421; x_wconf 89' lang='lat' dir='ltr'><strong>nominanda,</strong></span> <span class='ocrx_word' id='word_1_714' title='bbox 2390 3353 2456 3410; x_wconf 75' lang='lat' dir='ltr'><strong>&#39;ut</strong></span> <span class='ocrx_word' id='word_1_715' title='bbox 2479 3366 2604 3412; x_wconf 90' lang='lat' dir='ltr'><strong>sunt</strong></span> <span class='ocrx_word' id='word_1_716' title='bbox 2628 3358 2848 3426; x_wconf 82' lang='lat' dir='ltr'><strong>divitiae,</strong></span> <span class='ocrx_word' id='word_1_717' title='bbox 2868 3362 3076 3431; x_wconf 84' lang='lat' dir='ltr'><strong>species</strong></span> <span class='ocrx_word' id='word_1_718' title='bbox 3100 3365 3365 3434; x_wconf 87' lang='lat' dir='ltr'><strong>corporis,</strong></span> <span class='ocrx_word' id='word_1_719' title='bbox 3382 3375 3437 3421; x_wconf 89' lang='lat' dir='ltr'><strong>et</strong></span> <span class='ocrx_word' id='word_1_720' title='bbox 3462 3365 3617 3422; x_wconf 88' lang='lat' dir='ltr'><strong>forti-</strong></span> 
     </span>
    </p>
   </div>
   <div class='ocr_carea' id='block_1_94' title="bbox 2018 3444 3615 3525">
    <p class='ocr_par' dir='ltr' id='par_1_94' title="bbox 2018 3444 3615 3525">
     <span class='ocr_line' id='line_1_94' title="bbox 2018 3444 3615 3525; baseline 0.012 -30"><span class='ocrx_word' id='word_1_721' title='bbox 2018 3444 2164 3503; x_wconf 88' lang='lat' dir='ltr'><strong>tudo,</strong></span> <span class='ocrx_word' id='word_1_722' title='bbox 2196 3444 2282 3498; x_wconf 90' lang='lat' dir='ltr'><strong>vel</strong></span> <span class='ocrx_word' id='word_1_723' title='bbox 2321 3449 2643 3514; x_wconf 83' lang='lat' dir='ltr'><strong>proceritas,</strong></span> <span class='ocrx_word' id='word_1_724' title='bbox 2681 3459 2843 3520; x_wconf 88' lang='lat' dir='ltr'><strong>atque</strong></span> <span class='ocrx_word' id='word_1_725' title='bbox 2881 3466 2945 3506; x_wconf 91' lang='lat' dir='ltr'><strong>ea</strong></span> <span class='ocrx_word' id='word_1_726' title='bbox 2977 3467 3097 3521; x_wconf 68' lang='lat' dir='ltr'><strong>quae</strong></span> <span class='ocrx_word' id='word_1_727' title='bbox 3139 3456 3385 3525; x_wconf 88' lang='lat' dir='ltr'><strong>corporis</strong></span> <span class='ocrx_word' id='word_1_728' title='bbox 3426 3458 3615 3514; x_wconf 89' lang='lat' dir='ltr'><strong>usibus</strong></span> 
     </span>
    </p>
   </div>
   <div class='ocr_carea' id='block_1_95' title="bbox 2018 3533 3615 3608">
    <p class='ocr_par' dir='ltr' id='par_1_95' title="bbox 2018 3533 3615 3608">
     <span class='ocr_line' id='line_1_95' title="bbox 2018 3533 3615 3608; baseline 0.012 -23"><span class='ocrx_word' id='word_1_729' title='bbox 2018 3533 2279 3587; x_wconf 90' lang='lat' dir='ltr'><strong>serviunt.</strong></span> <span class='ocrx_word' id='word_1_730' title='bbox 2336 3534 2391 3588; x_wconf 88' lang='lat' dir='ltr'><strong>Si</strong></span> <span class='ocrx_word' id='word_1_731' title='bbox 2442 3539 2563 3606; x_wconf 88' lang='lat' dir='ltr'><strong>quis</strong></span> <span class='ocrx_word' id='word_1_732' title='bbox 2616 3539 2779 3608; x_wconf 90' lang='lat' dir='ltr'><strong>igitur</strong></span> <span class='ocrx_word' id='word_1_733' title='bbox 2832 3542 3234 3598; x_wconf 89' lang='lat' dir='ltr'><strong>distinctionem</strong></span> <span class='ocrx_word' id='word_1_734' title='bbox 3284 3546 3615 3605; x_wconf 83' lang='lat' dir='ltr'><strong>diversitatis</strong></span> 
     </span>
    </p>
   </div>
   <div class='ocr_carea' id='block_1_96' title="bbox 2019 3622 3612 3705">
    <p class='ocr_par' dir='ltr' id='par_1_96' title="bbox 2019 3622 3612 3705">
     <span class='ocr_line' id='line_1_96' title="bbox 2019 3622 3612 3705; baseline 0.011 -28"><span class='ocrx_word' id='word_1_735' title='bbox 2019 3623 2178 3692; x_wconf 90' lang='lat' dir='ltr'><strong>hujus</strong></span> <span class='ocrx_word' id='word_1_736' title='bbox 2204 3626 2435 3695; x_wconf 88' lang='lat' dir='ltr'><strong>ignorat,</strong></span> <span class='ocrx_word' id='word_1_737' title='bbox 2464 3622 2810 3700; x_wconf 39' lang='lat' dir='ltr'><strong>ct&#39;glorialur</strong></span> <span class='ocrx_word' id='word_1_738' title='bbox 2834 3632 2889 3687; x_wconf 90' lang='lat' dir='ltr'><strong>in</strong></span> <span class='ocrx_word' id='word_1_739' title='bbox 2920 3634 3005 3688; x_wconf 89' lang='lat' dir='ltr'><strong>his</strong></span> <span class='ocrx_word' id='word_1_740' title='bbox 3034 3650 3154 3705; x_wconf 84' lang='lat' dir='ltr'><strong>quae</strong></span> <span class='ocrx_word' id='word_1_741' title='bbox 3188 3650 3293 3690; x_wconf 90' lang='lat' dir='ltr'><strong>non</strong></span> <span class='ocrx_word' id='word_1_742' title='bbox 3330 3646 3457 3692; x_wconf 88' lang='lat' dir='ltr'><strong>sunt</strong></span> <span class='ocrx_word' id='word_1_743' title='bbox 3481 3653 3612 3694; x_wconf 89' lang='lat' dir='ltr'><strong>vere</strong></span> 
     </span>
    </p>
   </div>
   <div class='ocr_carea' id='block_1_97' title="bbox 2018 3713 3613 3797">
    <p class='ocr_par' dir='ltr' id='par_1_97' title="bbox 2018 3713 3613 3797">
     <span class='ocr_line' id='line_1_97' title="bbox 2018 3713 3613 3797; baseline 0.009 -28"><span class='ocrx_word' id='word_1_744' title='bbox 2018 3713 2188 3780; x_wconf 90' lang='lat' dir='ltr'><strong>bona,</strong></span> <span class='ocrx_word' id='word_1_745' title='bbox 2225 3731 2325 3770; x_wconf 88' lang='lat' dir='ltr'><strong>nec</strong></span> <span class='ocrx_word' id='word_1_746' title='bbox 2359 3717 2427 3770; x_wconf 88' lang='lat' dir='ltr'><strong>ad</strong></span> <span class='ocrx_word' id='word_1_747' title='bbox 2452 3719 2708 3774; x_wconf 89' lang='lat' dir='ltr'><strong>virtutem</strong></span> <span class='ocrx_word' id='word_1_748' title='bbox 2739 3722 2902 3776; x_wconf 87' lang='lat' dir='ltr'><strong>animi</strong></span> <span class='ocrx_word' id='word_1_749' title='bbox 2939 3723 3242 3793; x_wconf 88' lang='lat' dir='ltr'><strong>pertinent,</strong></span> <span class='ocrx_word' id='word_1_750' title='bbox 3274 3726 3613 3797; x_wconf 82' lang='lat' dir='ltr'><strong>culpabiliter</strong></span> 
     </span>
    </p>
   </div>
   <div class='ocr_carea' id='block_1_98' title="bbox 2018 3807 3607 3888">
    <p class='ocr_par' dir='ltr' id='par_1_98' title="bbox 2018 3807 3607 3888">
     <span class='ocr_line' id='line_1_98' title="bbox 2018 3807 3607 3888; baseline 0.009 -28"><span class='ocrx_word' id='word_1_751' title='bbox 2018 3807 2306 3878; x_wconf 86' lang='lat' dir='ltr'><strong>gloriatur.</strong></span> <span class='ocrx_word' id='word_1_752' title='bbox 2359 3809 2558 3867; x_wconf 91' lang='lat' dir='ltr'><strong>Paulus</strong></span> <span class='ocrx_word' id='word_1_753' title='bbox 2594 3828 2723 3869; x_wconf 87' lang='lat' dir='ltr'><strong>vero</strong></span> <span class='ocrx_word' id='word_1_754' title='bbox 2751 3816 2841 3884; x_wconf 91' lang='lat' dir='ltr'><strong>qui</strong></span> <span class='ocrx_word' id='word_1_755' title='bbox 2883 3816 2934 3871; x_wconf 90' lang='lat' dir='ltr'><strong>in</strong></span> <span class='ocrx_word' id='word_1_756' title='bbox 2967 3816 3053 3872; x_wconf 89' lang='lat' dir='ltr'><strong>his</strong></span> <span class='ocrx_word' id='word_1_757' title='bbox 3075 3826 3196 3873; x_wconf 88' lang='lat' dir='ltr'><strong>erat</strong></span> <span class='ocrx_word' id='word_1_758' title='bbox 3226 3819 3607 3888; x_wconf 88' lang='lat' dir='ltr'><strong>peritissimus,</strong></span> 
     </span>
    </p>
   </div>
   <div class='ocr_carea' id='block_1_99' title="bbox 2018 3901 3609 3979">
    <p class='ocr_par' dir='ltr' id='par_1_99' title="bbox 2018 3901 3609 3979">
     <span class='ocr_line' id='line_1_99' title="bbox 2018 3901 3609 3979; baseline 0.005 -21"><span class='ocrx_word' id='word_1_759' title='bbox 2018 3916 2142 3958; x_wconf 89' lang='lat' dir='ltr'><strong>cum</strong></span> <span class='ocrx_word' id='word_1_760' title='bbox 2165 3901 2388 3958; x_wconf 83' lang='lat' dir='ltr'><strong>dixisset</strong></span> <span class='ocrx_word' id='word_1_761' title='bbox 2410 3904 2535 3973; x_wconf 88' lang='lat' dir='ltr'><strong>quia</strong></span> <span class='ocrx_word' id='word_1_762' title='bbox 2557 3904 2848 3975; x_wconf 87' lang='lat' dir='ltr'><strong>gloriamur</strong></span> <span class='ocrx_word' id='word_1_763' title='bbox 2865 3909 2922 3961; x_wconf 88' lang='lat' dir='ltr'><strong>in</strong></span> <span class='ocrx_word' id='word_1_764' title='bbox 2944 3907 3370 3965; x_wconf 85' lang='lat' dir='ltr'><strong>tribulationibus</strong></span> <span class='ocrx_word' id='word_1_765' title='bbox 3395 3914 3609 3979; x_wconf 78' lang='lat' dir='ltr'><strong>nostris,</strong></span> 
     </span>
    </p>
   </div>
   <div class='ocr_carea' id='block_1_100' title="bbox 2017 3994 3610 4065">
    <p class='ocr_par' dir='ltr' id='par_1_100' title="bbox 2017 3994 3610 4065">
     <span class='ocr_line' id='line_1_100' title="bbox 2017 3994 3610 4065; baseline 0.008 -17"><span class='ocrx_word' id='word_1_766' title='bbox 2017 4009 2086 4049; x_wconf 90' lang='lat' dir='ltr'><strong>ne</strong></span> <span class='ocrx_word' id='word_1_767' title='bbox 2116 3994 2255 4050; x_wconf 89' lang='lat' dir='ltr'><strong>forte</strong></span> <span class='ocrx_word' id='word_1_768' title='bbox 2283 4003 2565 4065; x_wconf 89' lang='lat' dir='ltr'><strong>putaretur</strong></span> <span class='ocrx_word' id='word_1_769' title='bbox 2593 3997 2649 4052; x_wconf 90' lang='lat' dir='ltr'><strong>in</strong></span> <span class='ocrx_word' id='word_1_770' title='bbox 2680 3999 2841 4055; x_wconf 89' lang='lat' dir='ltr'><strong>rebus</strong></span> <span class='ocrx_word' id='word_1_771' title='bbox 2872 3999 3301 4058; x_wconf 82' lang='lat' dir='ltr'><strong>indillereutibus</strong></span> <span class='ocrx_word' id='word_1_772' title='bbox 3332 4014 3388 4060; x_wconf 88' lang='lat' dir='ltr'><strong>et</strong></span> <span class='ocrx_word' id='word_1_773' title='bbox 3417 4004 3610 4061; x_wconf 88' lang='lat' dir='ltr'><strong>mediis</strong></span> 
     </span>
    </p>
   </div>
   <div class='ocr_carea' id='block_1_101' title="bbox 2017 4084 3608 4164">
    <p class='ocr_par' dir='ltr' id='par_1_101' title="bbox 2017 4084 3608 4164">
     <span class='ocr_line' id='line_1_101' title="bbox 2017 4084 3608 4164; baseline 0.008 -26"><span class='ocrx_word' id='word_1_774' title='bbox 2017 4084 2259 4155; x_wconf 86' lang='lat' dir='ltr'><strong>gloriari,</strong></span> <span class='ocrx_word' id='word_1_775' title='bbox 2287 4087 2461 4142; x_wconf 90' lang='lat' dir='ltr'><strong>reddit</strong></span> <span class='ocrx_word' id='word_1_776' title='bbox 2494 4089 2747 4144; x_wconf 90' lang='lat' dir='ltr'><strong>continuo</strong></span> <span class='ocrx_word' id='word_1_777' title='bbox 2777 4089 3063 4156; x_wconf 84' lang='lat' dir='ltr'><strong>rationem,</strong></span> <span class='ocrx_word' id='word_1_778' title='bbox 3095 4100 3150 4145; x_wconf 91' lang='lat' dir='ltr'><strong>et</strong></span> <span class='ocrx_word' id='word_1_779' title='bbox 3188 4093 3424 4149; x_wconf 88' lang='lat' dir='ltr'><strong>ostendit</strong></span> <span class='ocrx_word' id='word_1_780' title='bbox 3465 4095 3608 4164; x_wconf 90' lang='lat' dir='ltr'><strong>quod</strong></span> 
     </span>
    </p>
   </div>
   <div class='ocr_carea' id='block_1_102' title="bbox 2016 4175 3609 4252">
    <p class='ocr_par' dir='ltr' id='par_1_102' title="bbox 2016 4175 3609 4252">
     <span class='ocr_line' id='line_1_102' title="bbox 2016 4175 3609 4252; baseline 0.006 -21"><span class='ocrx_word' id='word_1_781' title='bbox 2016 4178 2265 4249; x_wconf 88' lang='lat' dir='ltr'><strong>gloriatio</strong></span> <span class='ocrx_word' id='word_1_782' title='bbox 2295 4194 2411 4241; x_wconf 87' lang='lat' dir='ltr'><strong>sua,</strong></span> <span class='ocrx_word' id='word_1_783' title='bbox 2442 4194 2604 4250; x_wconf 89' lang='lat' dir='ltr'><strong>quam</strong></span> <span class='ocrx_word' id='word_1_784' title='bbox 2631 4182 2686 4235; x_wconf 92' lang='lat' dir='ltr'><strong>in</strong></span> <span class='ocrx_word' id='word_1_785' title='bbox 2716 4175 3155 4237; x_wconf 85' lang='lat' dir='ltr'><strong>tribulationibus</strong></span> <span class='ocrx_word' id='word_1_786' title='bbox 3180 4184 3373 4252; x_wconf 83' lang='lat' dir='ltr'><strong>habet,</strong></span> <span class='ocrx_word' id='word_1_787' title='bbox 3403 4186 3470 4240; x_wconf 88' lang='lat' dir='ltr'><strong>ad</strong></span> <span class='ocrx_word' id='word_1_788' title='bbox 3500 4187 3609 4239; x_wconf 85' lang='lat' dir='ltr'><strong>vir-</strong></span> 
     </span>
    </p>
   </div>
   <div class='ocr_carea' id='block_1_103' title="bbox 2018 4271 3605 4348">
    <p class='ocr_par' dir='ltr' id='par_1_103' title="bbox 2018 4271 3605 4348">
     <span class='ocr_line' id='line_1_103' title="bbox 2018 4271 3605 4348; baseline 0.005 -23"><span class='ocrx_word' id='word_1_789' title='bbox 2018 4277 2160 4348; x_wconf 81' lang='lat' dir='ltr'><strong>tutes</strong></span> <span class='ocrx_word' id='word_1_790' title='bbox 2196 4271 2362 4326; x_wconf 91' lang='lat' dir='ltr'><strong>animi</strong></span> <span class='ocrx_word' id='word_1_791' title='bbox 2401 4272 2689 4342; x_wconf 89' lang='lat' dir='ltr'><strong>pertineat.</strong></span> <span class='ocrx_word' id='word_1_792' title='bbox 2739 4273 2880 4328; x_wconf 82' lang='lat' dir='ltr'><strong>Dicit</strong></span> <span class='ocrx_word' id='word_1_793' title='bbox 2917 4275 3097 4341; x_wconf 91' lang='lat' dir='ltr'><strong>enim,</strong></span> <span class='ocrx_word' id='word_1_794' title='bbox 3142 4278 3270 4345; x_wconf 87' lang='lat' dir='ltr'><strong>quia</strong></span> <span class='ocrx_word' id='word_1_795' title='bbox 3312 4277 3605 4345; x_wconf 85' lang='lat' dir='ltr'><strong>tribulatio,</strong></span> 
     </span>
    </p>
   </div>
   <div class='ocr_carea' id='block_1_104' title="bbox 2015 4365 3605 4440">
    <p class='ocr_par' dir='ltr' id='par_1_104' title="bbox 2015 4365 3605 4440">
     <span class='ocr_line' id='line_1_104' title="bbox 2015 4365 3605 4440; baseline 0.004 -21"><span class='ocrx_word' id='word_1_796' title='bbox 2015 4379 2115 4435; x_wconf 88' lang='lat' dir='ltr'><strong>pro</strong></span> <span class='ocrx_word' id='word_1_797' title='bbox 2151 4374 2259 4435; x_wconf 88' lang='lat' dir='ltr'><strong>qua</strong></span> <span class='ocrx_word' id='word_1_798' title='bbox 2300 4365 2516 4436; x_wconf 87' lang='lat' dir='ltr'><strong>glorior,</strong></span> <span class='ocrx_word' id='word_1_799' title='bbox 2560 4366 2866 4437; x_wconf 86' lang='lat' dir='ltr'><strong>patientiam</strong></span> <span class='ocrx_word' id='word_1_800' title='bbox 2896 4376 3161 4439; x_wconf 86' lang='lat' dir='ltr'><strong>operatur,</strong></span> <span class='ocrx_word' id='word_1_801' title='bbox 3202 4371 3456 4440; x_wconf 87' lang='lat' dir='ltr'><strong>patientia</strong></span> <span class='ocrx_word' id='word_1_802' title='bbox 3487 4387 3605 4426; x_wconf 84' lang='lat' dir='ltr'><strong>vero</strong></span> 
     </span>
    </p>
   </div>
   <div class='ocr_carea' id='block_1_105' title="bbox 2017 4454 3606 4530">
    <p class='ocr_par' dir='ltr' id='par_1_105' title="bbox 2017 4454 3606 4530">
     <span class='ocr_line' id='line_1_105' title="bbox 2017 4454 3606 4530; baseline 0.006 -23"><span class='ocrx_word' id='word_1_803' title='bbox 2017 4454 2402 4524; x_wconf 88' lang='lat' dir='ltr'><strong>probationem,</strong></span> <span class='ocrx_word' id='word_1_804' title='bbox 2442 4456 2680 4527; x_wconf 88' lang='lat' dir='ltr'><strong>probatio</strong></span> <span class='ocrx_word' id='word_1_805' title='bbox 2711 4473 2828 4512; x_wconf 79' lang='lat' dir='ltr'><strong>vero</strong></span> <span class='ocrx_word' id='word_1_806' title='bbox 2854 4473 3023 4528; x_wconf 89' lang='lat' dir='ltr'><strong>spem,</strong></span> <span class='ocrx_word' id='word_1_807' title='bbox 3056 4476 3170 4530; x_wconf 86' lang='lat' dir='ltr'><strong>spes</strong></span> <span class='ocrx_word' id='word_1_808' title='bbox 3198 4477 3317 4515; x_wconf 85' lang='lat' dir='ltr'><strong>vero</strong></span> <span class='ocrx_word' id='word_1_809' title='bbox 3345 4479 3449 4516; x_wconf 89' lang='lat' dir='ltr'><strong>non</strong></span> <span class='ocrx_word' id='word_1_810' title='bbox 3483 4477 3606 4517; x_wconf 87' lang='lat' dir='ltr'><strong>con-</strong></span> 
     </span>
    </p>
   </div>
   <div class='ocr_carea' id='block_1_106' title="bbox 2013 4544 3607 4618">
    <p class='ocr_par' dir='ltr' id='par_1_106' title="bbox 2013 4544 3607 4618">
     <span class='ocr_line' id='line_1_106' title="bbox 2013 4544 3607 4618; baseline 0.006 -20"><span class='ocrx_word' id='word_1_811' title='bbox 2013 4544 2207 4614; x_wconf 85' lang='lat' dir='ltr'><strong>fundit,</strong></span> <span class='ocrx_word' id='word_1_812' title='bbox 2242 4548 2368 4616; x_wconf 88' lang='lat' dir='ltr'><strong>quia</strong></span> <span class='ocrx_word' id='word_1_813' title='bbox 2403 4547 2633 4601; x_wconf 79' lang='lat' dir='ltr'><strong>charitas</strong></span> <span class='ocrx_word' id='word_1_814' title='bbox 2673 4546 2768 4614; x_wconf 84' lang='lat' dir='ltr'><strong>Dei</strong></span> <span class='ocrx_word' id='word_1_815' title='bbox 2797 4549 2995 4618; x_wconf 77' lang='lat' dir='ltr'><strong>diffusa</strong></span> <span class='ocrx_word' id='word_1_816' title='bbox 3024 4560 3099 4604; x_wconf 84' lang='lat' dir='ltr'><strong>est</strong></span> <span class='ocrx_word' id='word_1_817' title='bbox 3139 4552 3196 4604; x_wconf 90' lang='lat' dir='ltr'><strong>in</strong></span> <span class='ocrx_word' id='word_1_818' title='bbox 3227 4552 3471 4606; x_wconf 86' lang='lat' dir='ltr'><strong>cordibus</strong></span> <span class='ocrx_word' id='word_1_819' title='bbox 3510 4569 3607 4607; x_wconf 90' lang='lat' dir='ltr'><strong>no-</strong></span> 
     </span>
    </p>
   </div>
   <div class='ocr_carea' id='block_1_107' title="bbox 2010 4634 3605 4711">
    <p class='ocr_par' dir='ltr' id='par_1_107' title="bbox 2010 4634 3605 4711">
     <span class='ocr_line' id='line_1_107' title="bbox 2010 4634 3605 4711; baseline 0.006 -23"><span class='ocrx_word' id='word_1_820' title='bbox 2010 4637 2156 4700; x_wconf 84' lang='lat' dir='ltr'><strong>stris,</strong></span> <span class='ocrx_word' id='word_1_821' title='bbox 2195 4652 2288 4705; x_wconf 89' lang='lat' dir='ltr'><strong>per</strong></span> <span class='ocrx_word' id='word_1_822' title='bbox 2327 4634 2579 4705; x_wconf 84' lang='lat' dir='ltr'><strong>Spiritum</strong></span> <span class='ocrx_word' id='word_1_823' title='bbox 2619 4648 2858 4692; x_wconf 79' lang='lat' dir='ltr'><strong>sumtum</strong></span> <span class='ocrx_word' id='word_1_824' title='bbox 2884 4653 2901 4690; x_wconf 92' lang='lat'><strong><em>:</em></strong></span> <span class='ocrx_word' id='word_1_825' title='bbox 2926 4648 2981 4693; x_wconf 89' lang='lat' dir='ltr'><strong>et</strong></span> <span class='ocrx_word' id='word_1_826' title='bbox 3016 4641 3070 4694; x_wconf 91' lang='lat' dir='ltr'><strong>in</strong></span> <span class='ocrx_word' id='word_1_827' title='bbox 3109 4641 3195 4696; x_wconf 90' lang='lat' dir='ltr'><strong>his</strong></span> <span class='ocrx_word' id='word_1_828' title='bbox 3233 4642 3425 4697; x_wconf 86' lang='lat' dir='ltr'><strong>edocet</strong></span> <span class='ocrx_word' id='word_1_829' title='bbox 3459 4642 3605 4711; x_wconf 89' lang='lat' dir='ltr'><strong>quod</strong></span> 
     </span>
    </p>
   </div>
   <div class='ocr_carea' id='block_1_108' title="bbox 2010 4727 3600 4801">
    <p class='ocr_par' dir='ltr' id='par_1_108' title="bbox 2010 4727 3600 4801">
     <span class='ocr_line' id='line_1_108' title="bbox 2010 4727 3600 4801; baseline 0.006 -22"><span class='ocrx_word' id='word_1_830' title='bbox 2010 4740 2109 4796; x_wconf 89' lang='lat' dir='ltr'><strong>per</strong></span> <span class='ocrx_word' id='word_1_831' title='bbox 2151 4728 2503 4782; x_wconf 86' lang='lat' dir='ltr'><strong>succedentes</strong></span> <span class='ocrx_word' id='word_1_832' title='bbox 2530 4727 2632 4782; x_wconf 90' lang='lat' dir='ltr'><strong>sibi</strong></span> <span class='ocrx_word' id='word_1_833' title='bbox 2660 4730 2889 4784; x_wconf 86' lang='lat' dir='ltr'><strong>virtutes</strong></span> <span class='ocrx_word' id='word_1_834' title='bbox 2917 4731 3166 4801; x_wconf 87' lang='lat' dir='ltr'><strong>gloriatio</strong></span> <span class='ocrx_word' id='word_1_835' title='bbox 3194 4732 3600 4788; x_wconf 87' lang='lat' dir='ltr'><strong>tribulationum</strong></span> 
     </span>
    </p>
   </div>
   <div class='ocr_carea' id='block_1_109' title="bbox 2010 4814 3599 4890">
    <p class='ocr_par' dir='ltr' id='par_1_109' title="bbox 2010 4814 3599 4890">
     <span class='ocr_line' id='line_1_109' title="bbox 2010 4814 3599 4890; baseline 0.006 -20"><span class='ocrx_word' id='word_1_836' title='bbox 2010 4831 2180 4886; x_wconf 92' lang='lat' dir='ltr'><strong>usque</strong></span> <span class='ocrx_word' id='word_1_837' title='bbox 2214 4817 2281 4872; x_wconf 90' lang='lat' dir='ltr'><strong>ad</strong></span> <span class='ocrx_word' id='word_1_838' title='bbox 2319 4819 2492 4873; x_wconf 88' lang='lat' dir='ltr'><strong>sancti</strong></span> <span class='ocrx_word' id='word_1_839' title='bbox 2530 4814 2764 4889; x_wconf 89' lang='lat' dir='ltr'><strong>Spiritus</strong></span> <span class='ocrx_word' id='word_1_840' title='bbox 2801 4820 3013 4877; x_wconf 88' lang='lat' dir='ltr'><strong>culmen</strong></span> <span class='ocrx_word' id='word_1_841' title='bbox 3047 4823 3321 4879; x_wconf 87' lang='lat' dir='ltr'><strong>ascendat.</strong></span> <span class='ocrx_word' id='word_1_842' title='bbox 3354 4823 3508 4890; x_wconf 89' lang='lat' dir='ltr'><strong>Quod</strong></span> <span class='ocrx_word' id='word_1_843' title='bbox 3544 4824 3599 4879; x_wconf 89' lang='lat' dir='ltr'><strong>in</strong></span> 
     </span>
    </p>
   </div>
   <div class='ocr_carea' id='block_1_110' title="bbox 2007 4912 3598 4987">
    <p class='ocr_par' dir='ltr' id='par_1_110' title="bbox 2007 4912 3598 4987">
     <span class='ocr_line' id='line_1_110' title="bbox 2007 4912 3598 4987; baseline 0.002 -19"><span class='ocrx_word' id='word_1_844' title='bbox 2007 4914 2258 4983; x_wconf 65' lang='lat' dir='ltr'><strong>praesenti</strong></span> <span class='ocrx_word' id='word_1_845' title='bbox 2314 4912 2548 4983; x_wconf 81' lang='lat' dir='ltr'><strong>capitulo</strong></span> <span class='ocrx_word' id='word_1_846' title='bbox 2603 4915 2891 4985; x_wconf 86' lang='lat' dir='ltr'><strong>Apostolus</strong></span> <span class='ocrx_word' id='word_1_847' title='bbox 2940 4916 3103 4984; x_wconf 86' lang='lat' dir='ltr'><strong>dicit,</strong></span> <span class='ocrx_word' id='word_1_848' title='bbox 3157 4918 3297 4987; x_wconf 73' lang='lat' dir='ltr'><strong>quia</strong></span> <span class='ocrx_word' id='word_1_849' title='bbox 3332 4916 3598 4971; x_wconf 88' lang='lat' dir='ltr'><strong>tribulatio</strong></span> 
     </span>
    </p>
   </div>
   <div class='ocr_carea' id='block_1_111' title="bbox 2005 4987 3598 5079">
    <p class='ocr_par' dir='ltr' id='par_1_111' title="bbox 2005 4987 3598 5079">
     <span class='ocr_line' id='line_1_111' title="bbox 2005 4987 3598 5079; baseline 0.003 -20"><span class='ocrx_word' id='word_1_850' title='bbox 2005 4987 2311 5076; x_wconf 77' lang='lat' dir='ltr'><strong>patientiam</strong></span> <span class='ocrx_word' id='word_1_851' title='bbox 2358 5016 2626 5078; x_wconf 88' lang='lat' dir='ltr'><strong>operatur,</strong></span> <span class='ocrx_word' id='word_1_852' title='bbox 2677 5007 2724 5063; x_wconf 91' lang='lat' dir='ltr'><strong>si</strong></span> <span class='ocrx_word' id='word_1_853' title='bbox 2782 5008 3101 5079; x_wconf 79' lang='lat' dir='ltr'><strong>patientiam</strong></span> <span class='ocrx_word' id='word_1_854' title='bbox 3149 5024 3311 5063; x_wconf 88' lang='lat' dir='ltr'><strong>unam</strong></span> <span class='ocrx_word' id='word_1_855' title='bbox 3362 5022 3484 5068; x_wconf 86' lang='lat' dir='ltr'><strong>esse</strong></span> <span class='ocrx_word' id='word_1_856' title='bbox 3528 5022 3598 5064; x_wconf 81' lang='lat' dir='ltr'><strong>ex</strong></span> 
     </span>
    </p>
   </div>
   <div class='ocr_carea' id='block_1_112' title="bbox 2007 5097 3597 5171">
    <p class='ocr_par' dir='ltr' id='par_1_112' title="bbox 2007 5097 3597 5171">
     <span class='ocr_line' id='line_1_112' title="bbox 2007 5097 3597 5171; baseline 0.003 -20"><span class='ocrx_word' id='word_1_857' title='bbox 2007 5097 2172 5151; x_wconf 90' lang='lat' dir='ltr'><strong>animi</strong></span> <span class='ocrx_word' id='word_1_858' title='bbox 2197 5098 2486 5155; x_wconf 87' lang='lat' dir='ltr'><strong>virtutibus</strong></span> <span class='ocrx_word' id='word_1_859' title='bbox 2524 5107 2757 5164; x_wconf 91' lang='lat' dir='ltr'><strong>constat,</strong></span> <span class='ocrx_word' id='word_1_860' title='bbox 2802 5099 3077 5156; x_wconf 90' lang='lat' dir='ltr'><strong>tribulatio</strong></span> <span class='ocrx_word' id='word_1_861' title='bbox 3116 5100 3235 5156; x_wconf 89' lang='lat' dir='ltr'><strong>sine</strong></span> <span class='ocrx_word' id='word_1_862' title='bbox 3278 5100 3440 5155; x_wconf 91' lang='lat' dir='ltr'><strong>dubio</strong></span> <span class='ocrx_word' id='word_1_863' title='bbox 3476 5115 3597 5171; x_wconf 73' lang='lat' dir='ltr'><strong>qua:</strong></span> 
     </span>
    </p>
   </div>
   <div class='ocr_carea' id='block_1_113' title="bbox 2005 5189 3594 5263">
    <p class='ocr_par' dir='ltr' id='par_1_113' title="bbox 2005 5189 3594 5263">
     <span class='ocr_line' id='line_1_113' title="bbox 2005 5189 3594 5263; baseline 0.004 -20"><span class='ocrx_word' id='word_1_864' title='bbox 2005 5189 2233 5245; x_wconf 88' lang='lat' dir='ltr'><strong>virtutes</strong></span> <span class='ocrx_word' id='word_1_865' title='bbox 2260 5191 2424 5244; x_wconf 91' lang='lat' dir='ltr'><strong>animi</strong></span> <span class='ocrx_word' id='word_1_866' title='bbox 2454 5192 2618 5261; x_wconf 91' lang='lat' dir='ltr'><strong>parit,</strong></span> <span class='ocrx_word' id='word_1_867' title='bbox 2647 5207 2825 5262; x_wconf 86' lang='lat' dir='ltr'><strong>neque</strong></span> <span class='ocrx_word' id='word_1_868' title='bbox 2852 5191 3014 5258; x_wconf 88' lang='lat' dir='ltr'><strong>mala,</strong></span> <span class='ocrx_word' id='word_1_869' title='bbox 3048 5207 3224 5263; x_wconf 90' lang='lat' dir='ltr'><strong>neque</strong></span> <span class='ocrx_word' id='word_1_870' title='bbox 3252 5191 3594 5261; x_wconf 78' lang='lat' dir='ltr'><strong>indiﬁ&#39;erens,</strong></span> 
     </span>
    </p>
   </div>
   <div class='ocr_carea' id='block_1_114' title="bbox 2006 5281 3599 5354">
    <p class='ocr_par' dir='ltr' id='par_1_114' title="bbox 2006 5281 3599 5354">
     <span class='ocr_line' id='line_1_114' title="bbox 2006 5281 3599 5354; baseline 0.003 -16"><span class='ocrx_word' id='word_1_871' title='bbox 2006 5283 2100 5338; x_wconf 89' lang='lat' dir='ltr'><strong>sed</strong></span> <span class='ocrx_word' id='word_1_872' title='bbox 2127 5283 2267 5337; x_wconf 90' lang='lat' dir='ltr'><strong>bona</strong></span> <span class='ocrx_word' id='word_1_873' title='bbox 2292 5281 2607 5354; x_wconf 90' lang='lat' dir='ltr'><strong>appellanda</strong></span> <span class='ocrx_word' id='word_1_874' title='bbox 2631 5292 2733 5339; x_wconf 91' lang='lat' dir='ltr'><strong>est.</strong></span> <span class='ocrx_word' id='word_1_875' title='bbox 2766 5283 2825 5338; x_wconf 89' lang='lat' dir='ltr'><strong>In</strong></span> <span class='ocrx_word' id='word_1_876' title='bbox 2862 5292 3069 5338; x_wconf 88' lang='lat' dir='ltr'><strong>tantum</strong></span> <span class='ocrx_word' id='word_1_877' title='bbox 3099 5292 3299 5351; x_wconf 90' lang='lat' dir='ltr'><strong>autem,</strong></span> <span class='ocrx_word' id='word_1_878' title='bbox 3337 5285 3478 5340; x_wconf 86' lang='lat' dir='ltr'><strong>sicut</strong></span> <span class='ocrx_word' id='word_1_879' title='bbox 3503 5298 3599 5342; x_wconf 85' lang='lat' dir='ltr'><strong>stt-</strong></span> 
     </span>
    </p>
   </div>
   <div class='ocr_carea' id='block_1_115' title="bbox 2004 5370 3600 5450">
    <p class='ocr_par' dir='ltr' id='par_1_115' title="bbox 2004 5370 3600 5450">
     <span class='ocr_line' id='line_1_115' title="bbox 2004 5370 3600 5450; baseline 0.004 -20"><span class='ocrx_word' id='word_1_880' title='bbox 2004 5391 2101 5447; x_wconf 91' lang='lat' dir='ltr'><strong>pra</strong></span> <span class='ocrx_word' id='word_1_881' title='bbox 2129 5370 2383 5445; x_wconf 65' lang='lat' dir='ltr'><strong>disimus,</strong></span> <span class='ocrx_word' id='word_1_882' title='bbox 2420 5378 2683 5450; x_wconf 86' lang='lat' dir='ltr'><strong>patientia</strong></span> <span class='ocrx_word' id='word_1_883' title='bbox 2715 5379 2892 5434; x_wconf 85' lang='lat' dir='ltr'><strong>virtus</strong></span> <span class='ocrx_word' id='word_1_884' title='bbox 2928 5379 3095 5434; x_wconf 89' lang='lat' dir='ltr'><strong>animi</strong></span> <span class='ocrx_word' id='word_1_885' title='bbox 3120 5378 3345 5435; x_wconf 90' lang='lat' dir='ltr'><strong>dicenda</strong></span> <span class='ocrx_word' id='word_1_886' title='bbox 3378 5387 3496 5445; x_wconf 88' lang='lat' dir='ltr'><strong>est,</strong></span> <span class='ocrx_word' id='word_1_887' title='bbox 3531 5392 3600 5436; x_wconf 76' lang='lat' dir='ltr'><strong>ut</strong></span> 
     </span>
    </p>
   </div>
   <div class='ocr_carea' id='block_1_116' title="bbox 2003 5468 3595 5542">
    <p class='ocr_par' dir='ltr' id='par_1_116' title="bbox 2003 5468 3595 5542">
     <span class='ocr_line' id='line_1_116' title="bbox 2003 5468 3595 5542; baseline 0.002 -19"><span class='ocrx_word' id='word_1_888' title='bbox 2003 5482 2103 5539; x_wconf 89' lang='lat' dir='ltr'><strong>per</strong></span> <span class='ocrx_word' id='word_1_889' title='bbox 2139 5469 2454 5538; x_wconf 89' lang='lat' dir='ltr'><strong>patientiam</strong></span> <span class='ocrx_word' id='word_1_890' title='bbox 2513 5469 2657 5525; x_wconf 88' lang='lat' dir='ltr'><strong>dicat</strong></span> <span class='ocrx_word' id='word_1_891' title='bbox 2704 5470 3079 5542; x_wconf 87' lang='lat' dir='ltr'><strong>probationem</strong></span> <span class='ocrx_word' id='word_1_892' title='bbox 3108 5471 3303 5527; x_wconf 82' lang='lat' dir='ltr'><strong>&#39;nostri</strong></span> <span class='ocrx_word' id='word_1_893' title='bbox 3350 5468 3496 5535; x_wconf 89' lang='lat' dir='ltr'><strong>ﬁeri,</strong></span> <span class='ocrx_word' id='word_1_894' title='bbox 3535 5475 3595 5526; x_wconf 86' lang='lat' dir='ltr'><strong>et</strong></span> 
     </span>
    </p>
   </div>
   <div class='ocr_carea' id='block_1_117' title="bbox 2002 5560 3592 5634">
    <p class='ocr_par' dir='ltr' id='par_1_117' title="bbox 2002 5560 3592 5634">
     <span class='ocr_line' id='line_1_117' title="bbox 2002 5560 3592 5634; baseline -0.001 -19"><span class='ocrx_word' id='word_1_895' title='bbox 2002 5577 2099 5631; x_wconf 90' lang='lat' dir='ltr'><strong>per</strong></span> <span class='ocrx_word' id='word_1_896' title='bbox 2124 5562 2492 5631; x_wconf 91' lang='lat' dir='ltr'><strong>probationem</strong></span> <span class='ocrx_word' id='word_1_897' title='bbox 2524 5578 2676 5634; x_wconf 90' lang='lat' dir='ltr'><strong>spem</strong></span> <span class='ocrx_word' id='word_1_898' title='bbox 2705 5563 2851 5618; x_wconf 92' lang='lat' dir='ltr'><strong>dari:</strong></span> <span class='ocrx_word' id='word_1_899' title='bbox 2881 5577 3000 5633; x_wconf 72' lang='lat' dir='ltr'><strong>quae</strong></span> <span class='ocrx_word' id='word_1_900' title='bbox 3025 5563 3213 5633; x_wconf 88' lang='lat' dir='ltr'><strong>utique</strong></span> <span class='ocrx_word' id='word_1_901' title='bbox 3241 5562 3506 5631; x_wconf 87' lang='lat' dir='ltr'><strong>quoniam.</strong></span> <span class='ocrx_word' id='word_1_902' title='bbox 3534 5560 3592 5615; x_wconf 82' lang='lat' dir='ltr'><strong>in</strong></span> 
     </span>
    </p>
   </div>
   <div class='ocr_carea' id='block_1_118' title="bbox 2004 5653 3590 5726">
    <p class='ocr_par' dir='ltr' id='par_1_118' title="bbox 2004 5653 3590 5726">
     <span class='ocr_line' id='line_1_118' title="bbox 2004 5653 3590 5726; baseline -0.003 -18"><span class='ocrx_word' id='word_1_903' title='bbox 2004 5653 2115 5708; x_wconf 89' lang='lat' dir='ltr'><strong>Deo</strong></span> <span class='ocrx_word' id='word_1_904' title='bbox 2140 5655 2242 5708; x_wconf 90' lang='lat' dir='ltr'><strong>sita</strong></span> <span class='ocrx_word' id='word_1_905' title='bbox 2271 5662 2382 5720; x_wconf 89' lang='lat' dir='ltr'><strong>est,</strong></span> <span class='ocrx_word' id='word_1_906' title='bbox 2424 5655 2514 5726; x_wconf 91' lang='lat' dir='ltr'><strong>qui</strong></span> <span class='ocrx_word' id='word_1_907' title='bbox 2544 5654 2802 5710; x_wconf 85' lang='lat' dir='ltr'><strong>virtutum</strong></span> <span class='ocrx_word' id='word_1_908' title='bbox 2844 5655 3083 5709; x_wconf 87' lang='lat' dir='ltr'><strong>omnium</strong></span> <span class='ocrx_word' id='word_1_909' title='bbox 3124 5661 3280 5723; x_wconf 83' lang='lat' dir='ltr'><strong>pater</strong></span> <span class='ocrx_word' id='word_1_910' title='bbox 3320 5660 3438 5715; x_wconf 90' lang='lat' dir='ltr'><strong>est,</strong></span> <span class='ocrx_word' id='word_1_911' title='bbox 3481 5664 3590 5705; x_wconf 68' lang='lat' dir='ltr'><strong>non</strong></span> 
     </span>
    </p>
   </div>
   <div class='ocr_carea' id='block_1_119' title="bbox 2001 5740 3589 5817">
    <p class='ocr_par' dir='ltr' id='par_1_119' title="bbox 2001 5740 3589 5817">
     <span class='ocr_line' id='line_1_119' title="bbox 2001 5740 3589 5817; baseline -0.004 -16"><span class='ocrx_word' id='word_1_912' title='bbox 2001 5744 2282 5803; x_wconf 82' lang='lat' dir='ltr'><strong>confundit</strong></span> <span class='ocrx_word' id='word_1_913' title='bbox 2318 5754 2647 5817; x_wconf 86' lang='lat' dir='ltr'><strong>sperantem.</strong></span> <span class='ocrx_word' id='word_1_914' title='bbox 2681 5744 2852 5803; x_wconf 87' lang='lat' dir='ltr'><strong>Simul</strong></span> <span class='ocrx_word' id='word_1_915' title='bbox 2881 5746 3028 5804; x_wconf 84' lang='lat' dir='ltr'><strong>enim</strong></span> <span class='ocrx_word' id='word_1_916' title='bbox 3048 5759 3171 5802; x_wconf 89' lang='lat' dir='ltr'><strong>cum</strong></span> <span class='ocrx_word' id='word_1_917' title='bbox 3199 5756 3294 5815; x_wconf 87' lang='lat' dir='ltr'><strong>spe</strong></span> <span class='ocrx_word' id='word_1_918' title='bbox 3317 5749 3374 5797; x_wconf 91' lang='lat' dir='ltr'><strong>et</strong></span> <span class='ocrx_word' id='word_1_919' title='bbox 3406 5740 3589 5796; x_wconf 88' lang='lat' dir='ltr'><strong>chari-</strong></span> 
     </span>
    </p>
   </div>
  </div>
