4056 6336
443 249 575 308 1571

1078 250 1140 308 Β.
1185 248 1440 306 ΠΑΒΑΝΙ
1476 247 1697 306 MAURI
1731 247 2047 306 ARCHIEP.
2089 246 2398 308 MOGUNT.
2431 249 2716 318 OPERUM
2755 250 2934 312 PARS
2969 251 3056 310 Ill.

3585 257 3822 316 1572

437 365 565 420 tatis
587 358 969 420 abundantiam
994 369 1166 427 tenet,
1193 371 1311 431 quae
1334 361 1511 431 primo
1531 361 1672 426 loco,
1697 360 1823 432 quia
1849 359 2020 429 major
2046 363 2097 434 Α
2123 368 2225 416 est.
2267 360 2419 431 lmpii
2475 341 2706 432 namque
2763 340 2982 418 eramus
3027 371 3314 435 antequam
3353 377 3804 426 convertere-

435 455 668 514 omuium
727 465 800 510 est
853 456 1104 520 charitas,
1151 455 1364 526 spiritui
1424 455 1724 525 copulatur.
1777 453 1932 522 Quod
1970 451 2017 507 si

435 549 557 619 quis
585 547 739 606 nobis
766 554 1034 612 occurrat,
1062 553 1118 602 et
1142 545 1288 601 dicat
1312 545 1548 602 medium
1577 559 1696 600 esse
1720 554 1776 598 et
1806 542 2014 598 inditl'e-

433 655 561 695 rens
623 638 1024 694 tribulationem
1049 678 1063 704 ,
1129 639 1384 707 quoniam
1443 637 1656 707 quidem
1715 635 2018 700 invenimus

432 731 597 789 etiam
611 731 783 786 malos
807 741 862 786 et
885 731 1080 802 impios
1105 731 1440 796 tribulari,et
1462 745 1566 785 non
1593 729 1864 792 continuo,
1889 728 2016 797 quia

433 823 762 881 tribulantur
798 837 896 892 pro
937 821 1092 878 malis
1123 823 1334 878 actibus
1359 821 1490 886 suis,
1523 821 1695 876 virtus
1719 819 1884 876 animi
1911 819 2010 874 tri-

431 916 634 971 bulatio
658 930 846 970 eorum
878 916 1174 984 reputanda
1215 924 1335 969 est:
1376 914 1498 968 vide
1533 913 1576 967 si
1619 913 1886 982 possimus
1911 911 2012 966 hoc

430 1005 594 1062 modo
640 1006 990 1076 respondere,
1033 1007 1178 1075 quod
1227 1004 1498 1060 tribulatio
1539 1004 1756 1074 quidem
1799 1003 2014 1072 pr0prie

431 1107 742 1152 sanctorum
777 1106 881 1163 est,
919 1093 1203 1168 impiorum
1245 1108 1426 1152 autem
1457 1106 1512 1152 ct
1550 1095 1870 1166 injustorum
1911 1095 2011 1150 tri-

430 1189 633 1244 bulatio
673 1187 876 1256 ﬂagella
917 1189 1270 1258 appellentur.
1317 1188 1557 1257 Denique
1597 1189 1650 1242 in
1690 1187 1896 1257 psalmo
1933 1188 2014 1242 sic

429 1282 594 1346 dicit,
626 1281 809 1335 Multis
837 1282 1195 1338 tribulationes
1223 1281 1488 1349 justorum
1528 1279 1698 1351 (Psal.
1726 1282 1912 1348 XXIV);
1945 1280 2011 1334 de

427 1372 546 1426 istis
573 1381 754 1426 autem
777 1372 872 1436 ait,
903 1371 1070 1426 Multa
1089 1372 1298 1442 ﬂagello
1325 1373 1610 1442 peccatoris
1635 1370 1809 1441 (Psal.
1835 1373 2007 1443 xm).

425 1459 751 1519 Etl‘ortassis
767 1471 1044 1532 propterea
1061 1462 1336 1522 tribulatio
1353 1472 1407 1517 et
1430 1463 1677 1533 angustia
1703 1464 1769 1519 ad
1795 1471 2012 1519 sanctos

425 1553 680 1622 pertinet,
707 1553 830 1622 quia
856 1554 956 1623 ipsi
979 1562 1105 1608 sunt
1141 1553 1232 1624 qui
1257 1561 1462 1608 arctam
1485 1562 1539 1609 et
1559 1563 1844 1624 angustam
1865 1554 2009 1608 viam

425 1643 710 1710 incedunt,
747 1655 803 1700 et
829 1655 1116 1716 propterea
1145 1645 1388 1701 tribulari
1417 1647 1690 1704 dicuntur.
1728 1645 1878 1714 Quod
1909 1663 2009 1702 au-

2121 469 2243 510 mur
2299 455 2366 510 ad
2417 455 2622 521 Deum;
2674 463 2729 510 et
2781 453 3030 510 Christus
3083 456 3273 526 utique
3321 465 3567 516 mortem
3632 475 3802 532 pm

2121 543 2276 602 nobis
2319 553 2611 616 antequam
2653 547 2999 602 crederemus
3038 547 3290 616 excepit:
3327 549 3472 618 quod
3529 549 3794 622 procul

2119 637 2282 693 dubio
2323 653 2429 693 non
2454 637 2689 704 iecisset,
2719 637 2825 698 nisi
2864 638 3086 696 nimiam
3114 653 3246 712 erga
3281 655 3381 696 nos
3405 640 3778 706 habuisset,

2117 736 2173 782 et
2208 727 2728 789 abundantissimam
2773 730 3114 796 charitatem,
3155 730 3240 786 vel
3283 731 3402 806 ipse
3448 732 3780 788 Dominus

2118 831 2305 878 noster
2329 822 2487 878 Jesus
2516 821 2766 878 Christus
2792 821 3072 876 moriendo
3096 837 3196 892 pro
3225 822 3425 892 impiis,
3455 823 3551 876 vel
3585 824 3774 878 Deus

2118 912 2281 967 Pater
2309 913 2642 981 unigenitum
2682 926 2838 966 suum
2867 927 2966 981 pro
3007 911 3292 982 impiorum
3335 913 3768 983 redemptione

2117 1004 2398 1058 tradendo.
2432 1003 2658 1073 (Ambr.)
2691 1002 2746 1058 Si
2776 1019 2875 1074 pro
2914 1003 3204 1058 incredulis
3233 1019 3298 1060 ac
3338 1003 3436 1060 Dei
3478 1005 3766 1062 inimicis

2115 1093 2364 1148 Christus
2391 1093 2456 1147 ad
2483 1102 2694 1163 tempus
2721 1095 2881 1150 morti
2910 1110 2971 1148 se
3001 1095 3183 1160 dedit,
3211 1097 3278 1150 ad
3320 1105 3548 1166 tempus
3579 1101 3760 1154 etiim

2117 1192 2360 1239 mortuus
2390 1193 2500 1248 est,
2536 1185 2660 1254 quia
2693 1187 2850 1240 tertia
2879 1185 2966 1240 die
2996 1187 3322 1254 resurrexit,
3361 1200 3584 1257 quanto
3617 1206 3760 1244 ma—

2115 1277 2197 1347 gis
2223 1291 2344 1330 cum
2381 1277 2434 1330 in
2471 1275 2619 1330 illum
2647 1277 2922 1331 credimus
2952 1277 3168 1332 auxiliis
3197 1278 3309 1332 suis
3338 1280 3564 1334 muniet
3594 1298 3704 1337 nos
3723 1285 3756 1336 ἲ

2114 1368 2195 1420 Ad
2223 1368 2322 1421 hoc
2356 1367 2500 1420 enim
2533 1382 2630 1437 pro
2667 1368 2822 1422 nobis
2860 1377 3105 1424 mortuus
3138 1377 3252 1436 est,
3283 1381 3342 1424 ut
3368 1380 3422 1425 et
3463 1373 3652 1426 vitam
3689 1385 3752 1428 et

2113 1459 2340 1531 gloriam
2395 1460 2552 1514 nobis
2591 1461 2896 1529 acquireret
2929 1476 2944 1515 :
2983 1462 3164 1532 itaque
3217 1463 3264 1518 si
3318 1479 3418 1534 pro
3481 1465 3750 1520 inimicis

2115 1561 2358 1607 mortuus
2379 1561 2482 1618 est,
2506 1561 2768 1622 quantum.
2793 1563 3012 1624 praestet
3036 1556 3245 1620 amicis,
3275 1557 3430 1612 debet
3463 1558 3744 1630 intelligi.

2111 1643 2266 1713 Apud
2302 1643 2549 1697 homines
2574 1657 2722 1710 ergo,
2757 1643 2808 1698 id
2837 1653 2916 1698 est
2940 1683 2954 1708 ,
2988 1646 3284 1700 secundum
3325 1655 3546 1718 tempus
3587 1650 3748 1702 mori

425 1744 531 1806 tem
572 1736 737 1802 dixit,
775 1737 900 1806 quia
936 1737 1164 1792 Charitas
1206 1738 1298 1794 Dei
1333 1739 1530 1807 di/I‘usa
1571 1748 1644 1792 est
1683 1739 1737 1794 in
1771 1739 2014 1794 cordibus
2042 1748 2090 1808 Β
2117 1734 2264 1793 visus
2289 1743 2373 1790 est
2405 1752 2416 1787 :
2455 1733 2542 1788 ille
2569 1734 2714 1806 enim
2764 1733 2902 1805 apud
2936 1735 3137 1790 inferos
3169 1751 3267 1806 pro
3296 1739 3473 1802 salute
3507 1739 3751 1793 anima-

421 1829 648 1893 uostris,
686 1827 995 1898 diligentius
1035 1829 1482 1884 considerandum
1545 1839 1628 1884 est
1683 1831 1737 1885 in
1775 1847 2008 1900 quorum

420 1917 674 1972 cordibus
703 1917 796 1971 Dei
828 1917 1070 1972 charitas
1096 1917 1442 1976 diffundatur.
1481 1919 1592 1990 Ego
1621 1929 1752 1990 puto
1779 1923 1923 1991 quod
1954 1923 2007 1977 in

420 2007 657 2075 illorum,
686 2007 776 2080 qui
797 2009 912 2079 jam
939 2025 1044 2064 non
1075 2011 1276 2066 habent
1317 2011 1568 2080 spiritum
1597 2013 1874 2070 servitutis
1903 2015 2006 2070 ite-

420 2113 540 2154 rum
578 2101 634 2155 in
674 2101 894 2166 timore,
938 2101 1033 2158 sed
1071 2109 1126 2162 et
1181 2102 1395 2160 illorum
1448 2104 1502 2159 in
1550 2105 1746 2174 quibus
1777 2107 2006 2175 perfecta

418 2191 648 2246 charitas
679 2192 824 2262 foras
853 2194 1008 2247 mittit
1044 2195 1284 2256 timorem
1320 2194 1370 2266 (l
1400 2195 1560 2253 Joan.
1595 2197 1690 2267 tv),
1729 2203 1786 2252 et
1811 2197 2007 2266 quibus

417 2281 639 2352 spiritus
661 2283 963 2354 ad0ptionis
989 2285 1166 2348 datur,
1195 2287 1287 2364 qui
1322 2286 1517 2343 clamet
1548 2287 1600 2340 in
1629 2287 1882 2347 (ordibus
1911 2303 2005 2344 eo-

419 2389 561 2438 rum,
584 2374 729 2430 Abba
753 2373 933 2430 Pater.
970 2376 1086 2432 Non
1115 2388 1199 2434 est
1225 2394 1353 2450 ergo
1381 2376 1747 2448 cujuscunque
1770 2379 2007 2439 hominis

415 2465 520 2522 nisi
558 2465 814 2536 perfecti,
857 2476 912 2523 et
958 2469 1080 2524 talis
1119 2471 1294 2540 qualis
1333 2479 1453 2526 erat
1493 2471 1714 2537 Paulus,
1758 2471 1812 2526 in
1852 2473 2006 2543 cujus

415 2559 578 2616 corde
619 2558 950 2618 diliundatnr
993 2563 1233 2620 cbaritas
1282 2563 1378 2620 Dei
1425 2580 1524 2635 per
1570 2563 1830 2634 Spiritum
1877 2580 2006 2620 san-

415 2656 581 2706 ctum.
643 2649 748 2706 Sed
801 2659 856 2710 et
913 2651 1046 2709 illud
1093 2654 1228 2713 mihi
1272 2655 1724 2718 considerandum
1769 2657 2004 2723 videtur,

413 2740 792 2798 utrumne-hic
818 2743 1140 2802 charitatem
1167 2744 1312 2800 illam
1341 2745 1518 2811 dicat,
1559 2761 1666 2816 qua
1693 2761 1793 2802 nos
1823 2747 2003 2816 diligi-

413 2847 534 2888 mus
575 2832 742 2889 Deum
763 2875 778 2899 ,
819 2849 886 2891 an
929 2833 1072 2890 illam
1103 2851 1208 2906 qua
1247 2835 1520 2908 diligimur
1549 2852 1582 2891 a
1615 2837 1726 2893 Deo
1751 2837 2002 2894 ditl‘usain

413 2939 534 2980 esse
564 2939 663 2993 per
695 2924 958 2996 Spiritum
985 2935 1229 2984 sanctum
1255 2928 1311 2984 in
1332 2929 1588 2985 cordibus
1614 2930 1845 2994 nostris;
1879 2937 1934 2991 et
1959 2931 2005 2986 si

347 3087 358 3096 θ
413 3015 631 3086 quidem
665 3015 753 3072 illa
789 3017 1028 3074 charitas
1057 3034 1162 3088 qua
1192 3019 1359 3077 Deum
1388 3021 1686 3091 diligimus,
1732 3021 2002 3094 intelligas

2111 1842 2233 1880 rum
2298 1826 2658 1882 irreverentes
2685 1867 2700 1894 ,
2747 1835 2801 1881 et
2843 1841 3075 1898 nequam
3140 1827 3361 1906 spiritus
3407 1829 3746 1902 judicabat.

2111 1919 2377 1990 Tempora
2406 1919 2458 1976 in
2487 1919 2688 1976 mundo
2718 1927 2874 1981 sunt.
2898 1920 2989 1975 ubi
3020 1919 3198 1976 oritur
3225 1931 3280 1976 et
3301 1921 3503 1978 occidit
3538 1923 3658 1988 sol,
3687 1932 3751 1978 et

2109 2009 2233 2064 luna
2265 2011 2658 2080 incrementum
2709 2019 2764 2066 et
2795 2012 3198 2070 decrementum
3227 2009 3374 2076 facit,
3410 2022 3464 2066 et
3514 2013 3651 2068 dies
3684 2027 3749 2070 et

2108 2119 2215 2160 nox
2261 2105 2317 2158 in
2363 2112 2507 2158 statu
2555 2120 2654 2160 suo
2697 2120 2802 2160 non
2848 2113 3240 2176 perseverant:
3286 2120 3373 2160 res
3408 2105 3564 2160 etnim
3597 2122 3746 2176 qua

2108 2197 2335 2268 tempori
2363 2203 2419 2251 et
2446 2197 2590 2252 aetati
2621 2197 2861 2267 subjecta
2888 2207 3006 2253 est:
3045 2197 3320 2252 mutabilis
3351 2213 3579 2269 semper
3609 2209 3738 2254 est.

2108 2287 2245 2344 Huic
2285 2304 2415 2358 ergo
2457 2289 2683 2358 tempori
2713 2289 2959 2344 Christus
3001 2299 3246 2356 mortuus
3286 2297 3398 2356 est,
3449 2289 3588 2344 dum
3619 2307 3739 2345 ex-

2108 2381 2273 2436 cessit
2307 2395 2613 2450 e.corpore.
2663 2381 2761 2436 Ubi
2792 2390 2973 2436 autem
3001 2389 3211 2452 tempus
3234 2396 3340 2435 non
3363 2388 3448 2436 est
3471 2391 3530 2436 et
3556 2392 3736 2448 aetas,

2107 2471 2179 2526 ibi
2210 2487 2314 2528 non
2343 2471 2514 2528 solum
2538 2472 2712 2539 vivus,
2745 2473 2839 2528 sed
2865 2482 2919 2528 et
2947 2473 3122 2528 victor
3147 2483 3393 2545 repertus
3415 2482 3522 2530 est.
3578 2474 3736 2532 Hinc

2106 2563 2275 2618 voluit
2325 2564 2578 2620 aﬁ‘ectum
2618 2564 2918 2620 Salvatoris
2963 2579 3090 2636 erga
3141 2581 3241 2636 nos
3285 2567 3733 2634 commendare,

2107 2670 2231 2711 cum
2263 2656 2397 2713 dixit
2419 2673 2432 2709 :
2452 2655 2548 2710 Via:
2575 2672 2670 2728 pro
2695 2657 2844 2727 justo
2877 2657 2992 2727 quis
3020 2658 3244 2710 moritur
3267 2671 3286 2708 :
3321 2656 3582 2714 Christus
3616 2675 3731 2715 au-

2106 2754 2216 2801 tem
2255 2760 2353 2821 pro
2393 2745 2572 2815 impiis
2611 2755 2858 2803 mortuus
2883 2753 2996 2817 est,
3029 2745 3074 2800 si
3109 2745 3254 2800 enim
3295 2760 3394 2816 pro
3426 2746 3584 2814 justo
3625 2748 3730 2806 vix

2107 2838 2302 2908 aliquis
2333 2837 2584 2904 moritur,
2616 2852 2716 2908 pro
2764 2837 2965 2910 impiis,
2998 2839 3268 2910 quomodo
3295 2847 3472 2909 petest
3503 2839 3629 2894 ﬁesi
3659 2849 3727 2895 ut

2107 2927 2228 2998 quis
2257 2927 2552 2982 moriatur?
2580 2935 2636 2982 et
2670 2926 2715 2981 si
2743 2942 2842 2997 pro
2883 2927 3025 2982 bono
3053 2942 3160 2982 uno
3192 2926 3332 2982 forte
3354 2929 3554 2984 audeat
3585 2931 3721 3000 quis

2107 3017 2281 3083 mori,
2309 3025 2404 3071 aut
2440 3016 2580 3072 forte
2612 3032 2720 3072 non
2750 3016 2976 3085 audeat,
3004 3019 3132 3092 quia
3165 3027 3454 3089 utrumque
3491 3018 3722 3076 difﬁcile

411 3115 522 3173 tur,
551 3123 730 3164 sermo
761 3109 862 3164 iste
888 3111 1188 3165 assertione
1218 3111 1419 3182 indiget
1449 3129 1461 3165 :
1495 3113 1540 3167 si
1579 3128 1730 3178 vero,
1762 3115 1890 3182 quia
1917 3115 2002 3170 di-
2032 3101 2080 3165 C
2109 3121 2231 3162 esse
2257 3106 2563 3178 signiﬁcat,
2591 3107 3042 3178 quemadmodum
3084 3115 3262 3176 potest
3287 3107 3488 3173 videri,
3523 3117 3585 3163 ut
3615 3127 3721 3164 au-

411 3201 492 3258 xit
519 3199 744 3258 etfusam
773 3217 893 3258 esse
928 3202 1023 3258 Dei
1054 3196 1372 3258 charitatem
1408 3205 1462 3260 in
1493 3205 1746 3266 cordibus
1779 3206 2001 3273 nostris,

410 3293 514 3348 ista
535 3293 714 3361 potius
733 3291 1074 3362 intelligenda
1092 3293 1180 3357 sit,
1197 3307 1300 3363 qua
1317 3293 1780 3364 diligimur-abeo,
1795 3305 2004 3352 certum

411 3393 496 3442 est
512 3385 655 3440 enim
671 3385 811 3454 quod
829 3385 972 3440 velut
991 3400 1258 3442 summum
1275 3393 1330 3443 et
1351 3387 1647 3442 maximum
1663 3389 1863 3454 donum
1885 3405 2006 3446 san-

411 3477 486 3534 oti
499 3475 732 3546 Spiritus
753 3477 1072 3532 charitatem
1095 3478 1438 3548 ponat,quod
1461 3479 1589 3534 velit
1610 3495 1832 3534 munere
1853 3481 2008 3550 prius

411 3578 662 3638 suscepto
701 3584 732 3622 a
767 3567 898 3633 Deo,
949 3584 1048 3638 per
1088 3569 1188 3624 hoc
1232 3569 1406 3637 ipsum
1454 3569 1676 3637 diligere
1715 3585 2002 3639 possumus

411 3660 579 3716 Deum
607 3660 752 3730 quod
775 3660 1048 3732 diligimur
1075 3675 1106 3718 a
1135 3661 1262 3716 Deo.
1294 3659 1491 3732 (ϐασις.)
1527 3662 1768 3731 Denique
1791 3661 1844 3716 in
1878 3669 2000 3718 tan-

411 3759 526 3807 tum
553 3751 724 3808 virtus
757 3751 1038 3811 charitatis
1068 3751 1345 3806 extollitur
1367 3762 1427 3806 ut
1454 3767 1574 3808 eam
1612 3753 1804 3808 beatus
1833 3753 1999 3813 Joan-

409 3859 508 3900 nes
539 3843 812 3915 apostolus
837 3859 942 3900 non
969 3845 1142 3900 solum
1176 3845 1274 3905 Dei
1314 3861 1456 3912 rem,
1502 3846 1594 3901 sed
1623 3847 1786 3901 etiam
1832 3848 2002 3906 Deum

409 3952 528 3993 esse
558 3938 868 4008 pronuntiet
892 3938 1078 3994 dicens
1105 3956 1118 3993 :
1151 3937 1290 3993 Deus
1319 3937 1552 3994 Charitas
1579 3948 1676 4004 est,
1700 3941 1789 4008 qui
1825 3951 2001 3996 manet

408 4028 462 4082 in
491 4029 744 4083 cltaritate
768 4030 824 4083 in
846 4027 956 4082 Deo
981 4039 1154 4085 manet
1182 4040 1228 4086 et
1247 4029 1391 4086 Deus
1419 4033 1474 4086 in
1501 4032 1614 4102 ipso
1641 4031 1691 4102 (1
1713 4019 1876 4088 Joau.
1898 4032 1995 4104 tv).

411 4116 546 4172 Nam
578 4133 750 4188 usque
773 4119 908 4176 adeo
944 4119 1092 4174 illam
1125 4119 1360 4176 divinam
1390 4133 1512 4176 esse
1550 4121 1908 4192 perspicimus
1939 4129 2000 4178 ut

409 4212 542 4268 illud
581 4212 824 4281 Apostoli
872 4212 1314 4271 manifestissime
1361 4213 1540 4282 vigere
1593 4213 1889 4270 sentiamus
1944 4215 1998 4270 in

409 4307 592 4372 nobis,
629 4306 882 4374 quoniam
911 4307 1142 4363 cbarita‘s
1179 4307 1275 4362 Dei
1313 4307 1510 4376 diffusa
1551 4317 1628 4362 est
1667 4309 1722 4370 in
1753 4309 1996 4366 cordibus

409 4399 600 4454 nostris
633 4415 726 4469 per
767 4397 1022 4468 Spiritum
1064 4409 1323 4465 sanctum,
1367 4401 1459 4472 qui
1502 4401 1660 4455 datus
1704 4411 1780 4456 est
1827 4403 1993 4458 nobis.

2109 3199 2229 3254 deat
2275 3198 2470 3268 aliquis
2514 3213 2616 3270 pro
2663 3197 2958 3253 multorum
3009 3197 3380 3277 impietatihus
3429 3200 3606 3267 mori;
3668 3203 3718 3256 si

2105 3289 2230 3360 quis
2258 3289 2402 3344 enim
2431 3304 2528 3360 pro
2543 3289 2714 3358 justo,
2747 3297 2840 3346 aut
2860 3290 3002 3348 bono
3022 3288 3164 3346 forte
3190 3289 3388 3345 audeat
3410 3291 3570 3362 mori,
3601 3291 3715 3346 mi-

2107 3383 2376 3438 seratione
2407 3384 2637 3454 quadam
2670 3381 2900 3446 illectus,
2933 3389 3027 3436 aut
3053 3379 3246 3437 aﬁ'ectu
3275 3382 3540 3458 bonorum
3565 3397 3713 3452 ope-

2105 3491 2224 3542 rum
2257 3473 2404 3544 ejus;
2441 3489 2540 3545 pro
2568 3473 2748 3544 impiis
2775 3487 2904 3528 vero
2933 3489 3039 3528 non
3067 3471 3266 3538 solum,
3297 3473 3440 3542 quod
3473 3475 3712 3528 suadeat

2106 3569 2244 3638 mori
2291 3553 2498 3634 'dcest,
2545 3567 2638 3621 sed
2687 3573 2742 3620 et
2790 3566 2934 3635 quod
2983 3566 3038 3623 in
3096 3563 3367 3636 lacrymas
3421 3577 3708 3636 provocet.

2103 3659 2351 3728 Christus
2377 3666 2553 3713 autem
2585 3669 2832 3713 mortuus
2856 3666 2942 3714 est
2981 3673 3078 3732 pro
3107 3659 3472 3730 impietatibus
3513 3661 3708 3729 populi

2102 3753 2279 3810 adhuc
2309 3769 2416 3809 non
2446 3753 2552 3819 sui,
2581 3761 2642 3808 ut
2663 3753 2845 3808 omnia
2870 3769 2990 3824 quae
3015 3753 3249 3810 mundus
3273 3753 3462 3808 diﬁidit
3489 3751 3708 3808 faceret

2102 3847 2398 3904 credibilia.
2459 3847 2602 3902 Duos
2649 3862 2779 3918 ergo
2829 3847 3028 3917 gradus
3084 3845 3212 3900 fecit
3249 3847 3382 3918 justi
3429 3855 3484 3901 et
3529 3845 3701 3912 boni,

2102 3938 2350 4010 quamvis
2375 3946 2429 3993 et
2457 3937 2636 4006 justus
2671 3947 2726 3992 et
2767 3938 2940 3993 bonus
2972 3937 3232 3992 dicendus
3269 3937 3356 3999 sit,
3391 3945 3572 3992 tamen
3599 3952 3702 4007 geb

2101 4045 2230 4086 nera
2279 4032 2392 4100 ipsa
2438 4031 2641 4102 posuit,
2688 4028 2896 4098 justum
2947 4030 3001 4086 in
3050 4031 3310 4084 exercitio
3356 4029 3694 4100 signiﬁcans,

2100 4122 2298 4182 bonum
2340 4136 2471 4177 vero
2516 4129 2707 4174 natura
2743 4121 2835 4190 qui
2877 4119 3222 4192 simplicitate
3264 4121 3521 4178 innocens
3557 4119 3697 4174 dici—

2102 4225 2218 4282 tur;
2261 4215 2402 4272 unde
2425 4215 2674 4285 quamvis
2717 4213 2957 4269 melioris
2991 4213 3170 4268 meriti
3193 4213 3286 4280 sit,
3317 4222 3575 4284 quantum
3616 4213 3688 4268 ad

2098 4307 2276 4364 locum
2323 4309 2484 4364 istum
2527 4307 2781 4378 pertinet,
2827 4305 3008 4379 justus
3053 4321 3216 4377 quam
3264 4307 3460 4376 bonus,
3505 4314 3684 4362 tamen

2106 4419 2124 4453 ι
2147 4415 2246 4472 pro
2271 4400 2434 4466 bono,
2451 4401 2650 4470 inquit,
2668 4399 2806 4455 forte
2823 4399 3018 4470 aliquis
3037 4400 3234 4454 audeat
3249 4400 3388 4454 mori
3407 4441 3422 4467 ,
3445 4419 3464 4451 ι
3485 4409 3539 4454 ιιι
3555 4400 3680 4468 quia

410 4488 563 4556 Quod
593 4488 698 4544 tale
726 4498 843 4554 est,
873 4503 937 4544 ac
981 4491 1028 4545 si
1053 4491 1198 4546 dicat
1236 4491 1376 4562 quod
1410 4492 1551 4548 Deus
1575 4491 1800 4549 diffusus
1829 4503 1912 4550 est
1941 4495 1996 4548 in
2025 4491 2076 4551 Β
2103 4494 2464 4550 miserabilior
2487 4509 2651 4549 causa
2678 4494 3000 4548 innocentiae
3033 4501 3117 4548 est
3151 4493 3218 4559 ad
3256 4493 3361 4550 hoc
3387 4493 3505 4564 cogi
3541 4491 3678 4546 forte

407 4581 660 4638 cordibus
687 4582 911 4648 nostris,
942 4598 1038 4652 per
1065 4582 1326 4653 Spiritum
1351 4591 1596 4638 sanctum
1613 4625 1627 4649 ,
1657 4585 1750 4654 qui
1789 4584 1996 4640 habitat

408 4674 464 4728 in
509 4674 685 4739 nobis,
727 4673 819 4744 qui
863 4674 1026 4728 etiam
1058 4690 1178 4730 cum
1223 4675 1531 4746 ignoremus
1565 4675 1694 4746 quid
1734 4677 1993 4734 debemus

407 4780 586 4830 orare,
625 4763 932 4836 interpellat
961 4782 1062 4837 pro
1094 4767 1250 4821 nobis
1287 4768 1576 4838 gentilibus
1610 4769 1989 4825 inenarrabili-

407 4858 526 4912 hus.
544 4857 646 4924 Qui
661 4867 838 4912 autem
851 4859 1315 4923 scrutaturcorda,
1331 4860 1432 4914 scit
1447 4859 1574 4930 quid
1587 4861 1856 4916 desideret
1867 4861 1989 4932 Spi-

409 4949 565 5014 ritus,
593 4949 852 5019 quoniam
879 4949 1174 5004 secundum
1193 4951 1361 5004 Deum
1386 4949 1624 5020 postulat
1646 4966 1744 5019 pro
1759 4952 1983 5007 sanctis.

479 5040 676 5112 thuid
703 5043 842 5096 enim
869 5041 1128 5108 Christus,
1169 5059 1287 5096 cum
1318 5043 1490 5097 adhuc
1527 5055 1821 5112 peccatores
1847 5063 1986 5102 esse-

407 5151 545 5198 mus,
572 5135 856 5189 secundum
893 5145 1093 5204 tempus
1126 5151 1218 5206 pro
1256 5135 1428 5204 impiis
1465 5145 1705 5190 mortuus
1754 5147 1828 5190 est
1859 5151 1877 5188 :
1907 5138 1991 5193 vix

407 5228 543 5282 enim
570 5244 663 5298 pro
695 5229 844 5298 justo
873 5229 989 5300 quis
1013 5229 1274 5294 moritur;
1307 5245 1428 5282 nam
1459 5245 1554 5299 pro
1594 5229 1727 5284 bono
1767 5230 1991 5298 forsitan

403 5319 519 5392 quis
569 5321 762 5374 audeat
813 5323 968 5376 mori.
1023 5322 1220 5396 (0rig.)
1275 5321 1493 5378 Plenius
1539 5322 1723 5376 volens
1767 5322 1994 5378 virtutes

407 5413 690 5469 charitatis
711 5415 996 5470 Ostendere
1032 5431 1193 5484 quam
1232 5414 1480 5471 dill‘usam
1521 5413 1574 5468 in
1609 5413 1862 5468 cordibus
1898 5428 1995 5470 no-

408 5506 536 5559 stris
565 5507 772 5560 dixerat
802 5523 894 5576 per
921 5505 1180 5574 Spiritum
1207 5517 1475 5572 sanctum,
1505 5505 1698 5574 quibus
1737 5505 1838 5560 hoc
1867 5521 1996 5561 cau-

408 5597 484 5651 sis
530 5597 827 5667 intelligere
891 5598 1208 5651 deberemus
1270 5598 1546 5667 exposuit,
1593 5604 1650 5651 et
1696 5597 1851 5650 docet
1896 5613 1994 5654 nos

407 5687 551 5753 quod
579 5690 826 5747 Christus
853 5702 960 5744 non
997 5703 1096 5758 pro
1122 5688 1226 5758 piis
1260 5689 1356 5746 sed
1394 5703 1494 5760 pro
1534 5687 1716 5759 impiis
1751 5695 1995 5746 mortuus

2105 4585 2337 4655 aliquem
2393 4600 2550 4654 posse
2605 4585 2894 4654 significat.
2951 4584 3190 4654 Denique
3245 4592 3434 4653 optant
3490 4599 3678 4654 paren-

2101 4682 2184 4728 tes
2227 4690 2324 4744 pro
2373 4675 2532 4730 bonis
2569 4673 2694 4730 ﬁliis
2738 4675 2908 4739 mori,
2957 4690 3064 4728 non
3115 4673 3291 4729 dicam
3336 4690 3529 4729 uxores
3580 4689 3676 4743 pro

2099 4767 2256 4822 bonis
2287 4767 2498 4822 maritis
2527 4785 2538 4820 :
2569 4782 2694 4822 nam
2729 4767 2772 4821 si
2803 4766 3028 4820 v’elimus
3053 4767 3120 4822 de
3150 4767 3290 4820 bono
3317 4777 3372 4820 ct
3395 4765 3541 4834 justo
3556 4782 3679 4838 pro-

2097 4875 2317 4930 ponere,
2346 4859 2634 4929 aliquando
2667 4859 2942 4915 meliorem
2966 4860 3172 4930 justum
3203 4860 3670 4930 deprehendimus,

2092 4951 2384 5021 aliquando
2420 4953 2838 5022 praeponendum
2880 4953 3110 5019 bonum;
3145 4953 3190 5008 si
3218 4954 3362 5008 enim
3387 4953 3536 5022 juxta
3580 4952 3673 5007 Dei

2091 5044 2264 5114 legem
2295 5043 2387 5114 qui
2427 5043 2609 5113 justus
2638 5055 2722 5100 est
2760 5045 2952 5100 melior
2989 5045 3132 5100 bono
3169 5055 3271 5109 est,
3319 5046 3413 5100 sed
3463 5047 3548 5101 illo
3582 5047 3670 5114 qui

2093 5135 2323 5191 necdum
2363 5150 2546 5192 secum
2585 5135 2868 5199 laboravit,
2910 5144 2972 5191 ut
3008 5135 3363 5207 ampliﬁcaret
3402 5150 3460 5191 se
3499 5135 3670 5198 bonis,

2093 5227 2356 5280 exercitio
2379 5227 2522 5282 enim
2547 5227 2745 5282 bonum
2777 5236 2978 5282 natura:
3003 5242 3114 5282 suae
3135 5225 3314 5297 justus
3350 5227 3670 5282 meliorabit.

2095 5319 2154 5374 Si
2180 5327 2360 5374 autem
2380 5319 2535 5389 juxta
2563 5321 2820 5376 mundum
2848 5321 3010 5376 fuerit
3025 5320 3224 5390 justus.
3248 5321 3579 5394 prtrponitur
3602 5319 3675 5374 illi

2095 5415 2268 5472 bonus
2292 5423 2512 5484 propter
2541 5415 2932 5478 innocentiam,
2967 5415 3092 5486 quia
3123 5412 3430 5482 hujusmodi
3460 5429 3564 5468 non
3593 5422 3679 5467 est

2093 5505 2212 5562 sine
2260 5505 2536 5576 impietate
2570 5505 2801 5576 justitia.
2849 5507 3032 5576 itaque
3069 5506 3245 5561 omnis
3297 5514 3487 5560 natura
3537 5506 3674 5560 bona

2095 5604 2212 5661 est,
2252 5596 2463 5668 justilia
2499 5605 2678 5652 autem
2721 5597 2855 5666 legis
2893 5597 2985 5652 Dei
3025 5595 3227 5652 fructus
3253 5603 3336 5652 est
3364 5603 3678 5666 competens

2095 5697 2332 5758 naturae,
2389 5688 2617 5760 ideoque
2665 5688 2876 5760 justitia
2932 5690 3148 5748 bonitas
3195 5697 3310 5756 est,
3361 5687 3504 5742 unde
3542 5683 3680 5759 justi
