4056 6336
350 375 386 432 1
398 372 522 431 375

905 373 1449 431 ENARRATIONUM
1484 373 1552 430 IN
1589 373 1735 429 EPP.
1773 370 1977 428 PAULI
2015 371 2144 428 LIB.
2185 375 2270 431 lll.
2310 407 2381 418 —-
2415 378 2482 434 ΙΝ
2523 380 2737 435 EPIST.
2780 383 2871 436 AD
2913 379 3075 438 ROM.

3496 380 3637 440 1574

350 504 587 560 semper
609 489 942 560 appellantur
968 499 1023 544 et
1049 491 1194 545 boni.
1226 491 1338 547 Non
1368 500 1545 546 tamen
1565 506 1775 561 semper
1801 492 1946 554 boni,
1980 491 2028 549 A
2058 496 2199 543 terra
2229 492 2336 545 vita
2365 493 2500 563 ejus,
2529 503 2584 547 et
2610 511 2708 564 pro
2737 496 3106 565 iniquitatibus
3132 496 3308 566 popini
3336 497 3527 551 ductus
3555 504 3642 553 est

341 582 501 653 justi
533 603 545 638 :
593 583 717 653 quia
757 600 861 638 non
901 593 1120 656 propter
1159 600 1320 654 opera
1361 595 1619 644 vocantur
1655 586 1814 650 boni,
1860 585 1954 639 sed

350 685 594 747 propter
623 676 984 740 innocentiam
1011 695 1022 729 :
1044 674 1255 744 justitia
1287 678 1430 732 enim
1471 677 1707 747 perfecta
1737 685 1819 731 est
1857 677 1954 730 ιιοο

350 770 536 833 nitas,
559 767 686 827 dum
713 767 890 836 explet
915 782 1077 835 opere
1111 776 1315 824 natura:
1345 784 1456 822 sua:
1484 769 1647 822 bona.
1677 767 1948 838 (lIieron.)

352 863 500 916 Duo:
528 862 760 918 haereses
781 877 846 915 ex
869 861 1153 916 occasione
1180 860 1336 930 hujus
1365 860 1654 914 testimonii
1679 859 1818 932 quod
1845 873 1950 911 non

353 955 675 1022 intelligunt
704 955 915 1010 diverso
943 955 1156 1024 quidem
1183 971 1388 1019 errore,
1416 956 1507 1009 scil
1538 957 1647 1026 pari
1679 955 1950 1024 impietate

353 1043 765 1112 blaspheiiiaiit.
805 1044 1062 1107 Marcion,
1107 1045 1195 1114 qui
1227 1045 1430 1113 justum
1463 1045 1627 1099 Deum
1661 1054 1714 1098 et
1743 1054 1950 1098 creato-

355 1149 483 1186 rem
517 1132 646 1204 legis
675 1134 797 1189 lacit
827 1145 880 1187 et
910 1134 1312 1203 prophetarmii,
1342 1134 1538 1192 bonum
1567 1145 1744 1188 autem
1777 1135 1949 1189 Evan-

354 1225 490 1294 gelii
534 1233 587 1279 et
620 1225 1018 1294 apostolorum,
1067 1227 1217 1295 cujus
1261 1227 1373 1280 vult
1417 1242 1536 1282 esse
1579 1227 1770 1282 Filium
1797 1227 1949 1282 Chri-

353 1325 542 1380 stum,
579 1317 711 1376 diios
741 1318 1030 1372 introducit
1069 1321 1223 1382 Deos,
1259 1336 1420 1373 unum
1455 1319 1688 1388 justum,
1721 1321 1946 1376 alterum

355 1406 567 1482 bonum
597 1425 611 1462 :
637 1417 684 1462 et
731 1425 826 1478 pro
860 1411 1006 1479 justo
1036 1413 1248 1476 asserit,
1291 1413 1372 1465 vel
1402 1413 1588 1477 nullos,
1635 1415 1714 1466 vel
1750 1430 1948 1483 paucos

352 1500 618 1568 opetiisse
665 1511 915 1568 mortem,
963 1520 1057 1572 pro
1105 1506 1245 1558 bono
1296 1516 1492 1570 autem,
1542 1508 1592 1562 id
1641 1516 1744 1570 est,
1795 1518 1947 1576 patre

353 1590 602 1656 Christi,
659 1593 1076 1649 innumerabiles
1128 1606 1391 1668 martyres
1423 1599 1712 1653 exstitisse.
1779 1600 1947 1654 Porro

354 1681 524 1737 Arius
565 1685 766 1754 justum
817 1685 883 1738 ad
929 1687 1202 1742 Christum
1250 1690 1430 1753 refert,
1483 1691 1547 1743 de
1594 1707 1699 1758 quo
1742 1692 1943 1746 dictum

352 1785 445 1828 est
475 1796 487 1828 :
528 1768 687 1840 Deus,
712 1778 974 1846 judicium
1002 1791 1147 1837 tuum
1186 1785 1290 1852 regi
1321 1783 1412 1848 ita,
1439 1795 1485 1837 et
1508 1786 1769 1854 Justitiam
1799 1765 1942 1839 tuam

2057 584 2122 636 ad
2156 594 2403 650 mortem,
2435 595 2489 639 et
2516 588 2751 656 portavit
2779 597 2998 657 peccata
3027 597 3231 651 nostra,
3262 597 3313 641 ct
3343 590 3532 641 tradita
3557 596 3640 643 est

2055 674 2107 727 in
2137 685 2308 730 morte
2338 677 2517 731 anima
2555 679 2717 745 illius,
2763 689 2819 733 et
2857 696 2979 734 cum
3025 680 3223 750 iniquis
3259 688 3503 749 reputata
3533 690 3634 745 est,

2054 777 2113 821 ut
2143 784 2241 822 nos
2281 769 2474 839 impios
2514 780 2566 825 et
2607 773 2849 827 infirmos
2877 782 2931 827 et
2960 782 3292 842 peccatores,
3325 773 3442 842 pios
3466 781 3521 826 et
3548 787 3636 828 r0-

2053 857 2262 922 bustos,
2289 868 2342 913 et
2361 860 2535 930 justos
2562 861 2779 916 faceret.
2805 863 3055 916 Nonnulli
3089 864 3158 916 ita
3190 863 3635 932 interpretantur,

2054 951 2097 1004 si
2131 950 2215 1004 ille
2239 967 2336 1022 pro
2368 953 2522 1006 nobis
2553 954 2728 1023 impiis
2760 966 3001 1009 mortuus
3031 964 3132 1017 est,
3157 963 3211 1008 et
3240 956 3637 1025 peccatoribus,

2051 1051 2252 1112 quanto
2283 1044 2454 1113 magis
2486 1060 2582 1098 nos
2617 1047 2817 1115 absque
2849 1047 2951 1098 ulla
2985 1047 3336 1111 dubitatione,
3371 1065 3469 1117 pro
3492 1047 3641 1115 justo

2051 1141 2105 1185 et
2144 1134 2283 1186 bono
2313 1134 2528 1188 Christo
2554 1137 2810 1190 debemus
2840 1139 3176 1191 occumbere.
3216 1137 3426 1192 Jiistum
3457 1148 3636 1193 autem

2051 1235 2104 1279 et
2133 1226 2331 1279 bonum
2375 1244 2478 1281 non
2512 1237 2762 1296 putemus
2789 1244 2908 1282 esse
2936 1228 3238 1291 diversum,
3273 1242 3369 1282 nec
3400 1230 3635 1298 aliquam

2051 1318 2265 1388 proprie
2311 1319 2613 1388 signiﬁcare
2659 1335 2966 1388 personam,
3020 1319 3112 1372 sed
3159 1319 3397 1372 absolute
3433 1318 3634 1386 justam

2050 1424 2183 1461 rem.
2235 1409 2505 1462 Interdum
2558 1410 2752 1479 aliquis
2803 1410 3029 1462 inveniri
3077 1418 3285 1478 potest,
3335 1411 3425 1478 qui
3482 1427 3636 1464 suum

2051 1500 2364 1570 sanguinein
2391 1500 2592 1552 tundat.
2612 1498 2807 1570 (0rig.)
2825 1501 2917 1553 Est
2935 1515 3088 1552 amor
3115 1498 3410 1567 vitiehujus
3438 1509 3634 1563 tantus,

2051 1601 2108 1645 ut
2143 1593 2304 1644 etiam
2340 1608 2459 1645 eum
2487 1591 2632 1659 justa
2659 1609 2819 1646 causa
2841 1593 3026 1646 mortis
3042 1593 3340 1656 advenerit,
3367 1591 3452 1643 vix
3477 1608 3638 1646 unus-

2049 1683 2276 1752 quisque
2301 1693 2524 1736 mortem
2555 1684 2821 1753 patienter
2845 1684 3091 1738 accipiat.
3116 1683 3636 1738 Justaautcmcausa

2050 1775 2240 1827 mortis
2271 1773 2501 1838 videtur,
2519 1790 2638 1827 cum
2659 1785 2862 1828 naturae
2881 1774 3250 1844 legedefertur
3277 1793 3288 1827 :
3315 1783 3370 1828 ct
3390 1775 3636 1843 quamvis

349 1868 471 1935 ﬁlio
500 1871 631 1938 regis
661 1871 832 1938 (Ρεαι,
865 1876 1045 1945 L3“);
1089 1885 1143 1928 οι
1180 1876 1291 1945 ipse
1319 1877 1382 1930 de
1421 1892 1477 1932 se
1519 1878 1570 1934 ίη
1605 1878 1892 1947 Evangelii)
1926 1897 1937 1932 ε
1972 1854 2242 1934 Bjustum
2257 1868 2325 1922 sit
2351 1868 2658 1922 conditione
2675 1868 3036 1930 mortalitatis,
3056 1868 3143 1920 vix
3160 1876 3336 1920 tamen
3361 1867 3636 1938 amplecti-

352 1958 485 2014 Non
521 1963 658 2016 enim
701 1961 861 2018 Pater
896 1965 1104 2033 judicat
1130 1985 1462 2038 quemquam,
1501 1969 1589 2022 sed
1608 1986 1768 2025 omne
1789 1970 1940 2039 judi-

348 2052 492 2105 cium
524 2053 663 2106 dedit
696 2053 832 2108 Filio
864 2057 1044 2126 (Joan.
1072 2057 1148 2124 v).
1174 2059 1237 2112 Et
1264 2075 1276 2111 :
1320 2077 1337 2110 ‹
1373 2074 1471 2129 ego
1496 2059 1636 2112 sicut
1665 2059 1844 2121 audio,
1870 2060 1938 2114 ita

336 2141 551 2209 judico.
578 2144 816 2200 iBonum
843 2157 1022 2200 autem
1043 2149 1204 2204 Deum
1226 2149 1463 2214 Patrem,
1485 2150 1549 2204 de
1578 2166 1684 2220 quo
1708 2152 1823 2220 ipse
1853 2151 1941 2204 Fi-

343 2235 458 2290 lius
485 2237 770 2297 conﬁtetur
797 2256 809 2292 :
849 2239 987 2304 Quid
1027 2258 1107 2294 me
1135 2243 1267 2300 dicis
1297 2243 1528 2298 bonum?
1565 2261 1711 2300 nemo
1741 2254 1814 2298 est
1847 2245 1935 2297 bo-

344 2343 449 2378 nus
482 2327 583 2380 nisi
625 2345 760 2382 unus
805 2328 944 2384 Deus
990 2328 1152 2384 Pater
1198 2331 1390 2400 (Marc.
1422 2333 1496 2403 χ).
1548 2332 1789 2401 Cumque
1837 2333 1941 2387 huc

341 2432 524 2485 usque
554 2417 897 2488 blasphemiae
937 2437 1047 2476 suae
1087 2422 1270 2478 devios
1308 2422 1470 2477 calles
1512 2425 1745 2493 potuerit
1787 2425 1938 2479 inve-

340 2509 490 2573 nire,
525 2509 578 2564 in
623 2513 1074 2584 consequentibus
1113 2513 1388 2584 impingit,
1433 2521 1487 2570 et
1529 2515 1754 2570 corruit.
1793 2515 1938 2583 Quo-

341 2599 512 2653 modo
554 2601 696 2656 enim
727 2617 826 2670 pro
856 2603 1014 2658 Patre
1045 2605 1167 2674 quis
1194 2606 1355 2659 audet
1395 2606 1550 2667 mori,
1598 2613 1650 2660 ct
1680 2621 1778 2675 pro
1803 2605 1940 2659 Filio

340 2689 441 2744 vix
500 2691 749 2758 moritur,
807 2710 930 2752 cum
982 2705 1202 2766 propter
1252 2713 1446 2752 nomen
1503 2697 1702 2756 Christi
1759 2707 1941 2754 tantus

341 2789 650 2852 martyrum
677 2785 895 2855 sanguis
923 2785 1123 2842 effusus
1160 2789 1263 2844 sit?
1298 2789 1397 2858 Qui
1429 2791 1590 2860 igitur
1623 2791 1941 2860 simpliciter

342 2871 495 2926 hunc
531 2874 757 2942 exponit
785 2874 981 2941 locum,
1014 2878 1116 2932 hoc
1143 2888 1319 2948 potest
1345 2879 1546 2944 dicere,
1580 2881 1722 2952 quod
1759 2881 1812 2934 in
1843 2896 1936 2936 ve-

339 2965 452 3022 teri
490 2965 627 3036 lege,
665 2966 718 3022 in
750 2983 853 3038 qua
878 2967 1087 3036 justitia
1121 2980 1226 3036 est,
1255 2973 1344 3026 vix
1374 2973 1529 3041 pauci
1568 2973 1770 3034 inventi
1807 2972 1936 3032 sint,

335 3057 439 3126 qui
481 3072 634 3114 suum
677 3056 932 3116 fuderunt
976 3063 1312 3129 sanguinem,
1356 3064 1409 3118 in
1450 3079 1588 3118 novo
1629 3072 1806 3126 autem
1852 3049 1935 3118 in-

334 3157 670 3214 strumento,
715 3151 768 3204 in
801 3168 908 3222 quo
939 3154 1150 3209 bonitas
1178 3164 1292 3222 est,
1339 3166 1498 3226 atque
1529 3157 1814 3215 clementia
1850 3159 1936 3212 in-

334 3244 712 3299 numerabiles
757 3245 1034 3301 extiterint
1072 3256 1358 3319 martyres.
1409 3224 1515 3305 Sed
1564 3268 1630 3306 ex
1679 3267 1745 3307 eo
1792 3253 1936 3322 quod
1964 3224 2010 3287 δ

332 3334 545 3404 posuit,
576 3334 800 3389 forsitan
827 3339 948 3405 quis
978 3339 1142 3392 etiam
1178 3340 1372 3396 audeat
1410 3342 1566 3406 mori,
1608 3352 1662 3398 et
1704 3345 1936 3414 pendulo

335 3423 514 3494 gradu
556 3426 878 3484 sententiam
921 3430 1274 3495 temperavit,
1321 3431 1560 3484 invenire
1603 3448 1759 3501 posse
1804 3452 1936 3490 non.-

337 3515 544 3577 nullos,
589 3516 679 3584 qui
722 3517 953 3571 audeant
997 3521 1130 3574 mori
1175 3535 1272 3590 pro
1318 3522 1627 3592 Evangelio,
1677 3529 1932 3595 ostendit,

338 3624 453 3664 non
487 3608 563 3663 sic
590 3609 985 3676 accipiendum,
1016 3611 1109 3666 sed
1135 3628 1198 3666 ex
1238 3615 1606 3682 superioribus
1635 3625 1689 3676 et
1717 3616 1936 3674 inferio-

341 3699 494 3754 ribus
523 3714 736 3752 sensum
761 3699 860 3752 loci
895 3697 1051 3767 hujus
1070 3701 1266 3756 debere
1299 3705 1552 3768 tractari;
1584 3706 1769 3762 dicens
1790 3709 1935 3764 enim

341 3790 542 3845 Paulus
572 3791 846 3860 apostolus
884 3806 941 3846 se
970 3793 1190 3862 gloriari
1225 3794 1277 3848 in
1310 3795 1768 3864 tribulationibus,
1809 3802 1935 3869 quia

343 3884 612 3941 tribulatio
642 3885 948 3954 patientiam
976 3896 1241 3956 operatur,
1270 3889 1523 3958 patientia
1549 3900 1722 3944 autent
1751 3893 1936 3961 proba-

344 3978 559 4039 tionem,
601 3975 836 4044 probatio
877 3993 1038 4045 spent,
1071 3996 1184 4047 spes
1215 3995 1331 4033 vero
1364 3997 1466 4036 non
1490 3971 1783 4050 confundit,
1815 4001 1934 4054 qua)

346 4085 411 4125 ex
438 4083 502 4122 eo
529 4075 730 4121 certam
761 4069 954 4124 haheat
975 4070 1408 4139 promissionem,
1431 4074 1552 4143 quia
1581 4075 1810 4130 c/iaritas
1837 4077 1934 4130 Dei

344 4159 510 4228 e/iusa
539 4167 613 4211 est
653 4158 706 4211 in
750 4159 992 4214 cordibus
1033 4163 1223 4216 nostris
1252 4179 1344 4232 per
1373 4163 1630 4231 Spiritum
1670 4178 1929 4236 sanctum,

345 4254 429 4325 qui
461 4252 616 4304 datus
659 4262 732 4306 est
774 4251 942 4316 nobis,
987 4254 1281 4314 secundum
1318 4255 1448 4311 illud
1491 4259 1632 4326 quod
1672 4259 1814 4316 Deus
1853 4262 1933 4316 (ιί-

347 4349 496 4396 xerat
525 4357 620 4410 per
648 4343 964 4411 pr0plietam
999 4362 1009 4396 :
1044 4344 1333 4413 Effundam
1362 4348 1426 4401 de
1461 4349 1648 4418 spiritu
1688 4368 1801 4406 meo
1841 4371 1932 4410 su-

348 4451 432 4498 per
468 4451 672 4488 omnem
717 4453 927 4490 carnem
977 4436 1108 4507 (Isa.
1148 4439 1316 4504 XLIV),
1361 4441 1592 4496 miratur
1635 4445 1931 4512 bonitatem

348 4523 563 4587 Christi,
595 4525 736 4593 quod
769 4542 866 4594 pro
897 4526 1126 4582 inﬁrmis
1159 4537 1214 4583 et
1247 4530 1446 4600 impiis,
1477 4542 1531 4587 et
1556 4538 1929 4602 peccatoribus

348 4615 478 4668 mori
520 4614 773 4680 voluerit,
813 4624 867 4672 et
909 4618 1044 4672 inori
1073 4628 1374 4686 opportuno
1412 4629 1675 4693 tempore,
1717 4628 1782 4682 de
1822 4644 1929 4697 quo

351 4705 457 4774 ipse
489 4705 620 4759 dicit
651 4723 663 4759 :
701 4705 948 4775 Tempore
985 4720 1273 4778 opportuno
1302 4715 1542 4770 exaudiui
1584 4726 1654 4781 te,
1683 4728 1730 4772 et
1762 4720 1815 4772 in
1846 4722 1930 4775 die

351 4799 528 4854 salutis
563 4801 852 4855 auxiliatus
890 4820 1005 4856 sum
1044 4806 1122 4858 tui
1152 4805 1236 4875 (ll
1274 4807 1395 4862 Cor.
1423 4810 1528 4879 vi);
1571 4819 1628 4866 et
1662 4829 1874 4868 rursum
1911 4834 1925 4869 :

352 4892 476 4946 Ecce
507 4910 645 4947 nunc
675 4903 875 4964 tempus
905 4897 1238 4966 acccptabile,
1279 4916 1394 4954 ecce
1435 4918 1572 4956 nunc
1604 4905 1713 4960 dies
1743 4906 1929 4962 salutis

353 4984 808 5057 (Ibid.);quando
849 5003 1038 5042 omnes
1082 5001 1460 5058 peccaverunt,
1507 4995 1665 5050 simul
1710 4997 1926 5054 inutiles

355 5077 470 5130 facti
518 5087 671 5140 sunt,
717 5093 822 5133 non
869 5078 970 5132 ftiit
1013 5079 1103 5148 qui
1155 5081 1354 5138 faceret
1399 5084 1632 5149 honmn,
1676 5103 1782 5142 non
1830 5088 1929 5142 fuit

356 5183 512 5237 usque
540 5173 605 5225 ad
636 5188 802 5226 unum
829 5170 1000 5243 (Psal.
1034 5173 1149 5230 ιιι).
1179 5174 1511 5232 Incredibilis
1537 5194 1665 5248 ergo
1692 5181 1924 5246 bonitas,

355 5269 408 5316 et
429 5259 653 5316 inaudita
685 5265 967 5320 clementia
1006 5268 1140 5321 mori
1176 5284 1274 5337 pro
1305 5271 1501 5339 impiis.
1537 5271 1630 5329 Vix
1662 5275 1804 5330 enim
1829 5292 1928 5345 pro

355 5349 486 5421 justo
539 5354 768 5422 aliquem
819 5365 874 5411 et
925 5359 1064 5413 bono
1113 5359 1267 5415 suum
1318 5364 1631 5432 sanguinem
1680 5365 1925 5433 fundere,

362 5453 486 5497 metu
535 5448 724 5500 mortis
761 5459 984 5505 cunctos
1017 5462 1271 5509 terrente.
1321 5454 1455 5508 Num
1489 5457 1716 5512 inveniri
1758 5459 1925 5513 inter-

365 5535 498 5597 dum,
532 5545 588 5588 iit
612 5537 806 5605 aliquis
841 5556 938 5609 pro
961 5540 1106 5608 justo
1130 5552 1183 5598 et
1209 5546 1349 5600 bono
1376 5547 1570 5602 audeat
1598 5549 1754 5601 mori.
1788 5548 1926 5603 Cha-

368 5621 482 5675 ritas
504 5633 680 5679 auteni
714 5626 808 5680 Dei
835 5643 995 5695 quam
1025 5631 1077 5685 in
1110 5635 1263 5689 nobis
1301 5636 1488 5690 habuit
1528 5637 1652 5691 hinc
1691 5639 1926 5696 maxime

367 5715 723 5783 comprobatur
754 5720 916 5788 quod,
941 5736 1062 5775 cum
1094 5726 1268 5780 adhuc
1305 5736 1619 5796 peceatores
1657 5744 1922 5796 essemus,

370 5805 588 5866 Christus
627 5827 724 5886 pro
767 5812 921 5869 nobis
964 5823 1209 5872 mortuus
1247 5825 1350 5885 est,
1393 5827 1447 5872 et
1485 5819 1694 5875 sublata
1735 5830 1818 5877 est
1857 5822 1923 5877 de

2045 1972 2132 2017 tur
2173 1963 2384 2016 animus
2407 1972 2534 2016 natu
2546 1978 2614 2016 ιω
2636 1961 2841 2032 legibus
2864 1962 3074 2016 cedere.
3100 1953 3438 2014 Commendat
3462 1971 3634 2013 autem

2042 2075 2191 2112 suam
2217 2057 2521 2110 cliaritateni
2539 2056 2676 2109 Deus
2701 2057 2752 2108 in
2777 2056 2942 2108 nobis.
2966 2055 3169 2126 (Anil).)
3188 2054 3276 2107 Sic
3293 2054 3635 2106 commendat

2044 2151 2361 2205 cliaritatem
2391 2164 2559 2211 suam,
2593 2149 2716 2202 dum
2746 2149 2920 2202 adhuc
2952 2147 3186 2199 inimicis
3217 2145 3506 2198 benevolus
3527 2151 3629 2210 est,

2043 2244 2273 2297 etmittit
2303 2241 2708 2311 quisalveteos,
2739 2256 2863 2294 cum
2899 2239 3084 2308 utique
3112 2254 3216 2292 non
3250 2246 3580 2291 mereantur.

2115 2327 2373 2406 Quoniam
2398 2333 2442 2384 si
2465 2348 2583 2384 cum
2604 2331 2776 2383 adhuc
2802 2340 3094 2400 peccatores
3121 2345 3371 2392 essemus,
3396 2325 3633 2380 Christus

2040 2441 2134 2494 pro
2162 2424 2305 2477 nobis
2333 2433 2566 2475 mortuus
2593 2433 2688 2487 est,
2716 2421 2877 2474 multo
2906 2422 3071 2490 magis
3091 2419 3368 2489 justi/icati
3417 2435 3552 2472 nunc
3581 2419 3633 2471 in

2042 2517 2294 2588 sanguine
2322 2516 2483 2585 ipsius
2523 2514 2654 2568 salvi
2694 2515 2886 2566 erimus
2927 2517 2989 2564 ab
3031 2513 3113 2565 ira
3156 2527 3248 2582 per
3284 2512 3474 2580 ipsum.
3523 2511 3634 2564 lloc

2042 2609 2192 2674 dicit,
2223 2609 2347 2677 quia
2377 2608 2420 2662 si
2450 2623 2548 2676 pro
2578 2606 2956 2678 peccatoribus
2980 2605 3174 2658 Filium
3206 2619 3360 2658 suum
3385 2603 3631 2657 Deusoc-

2043 2700 2146 2753 ciili
2170 2699 2444 2770 permisit,
2479 2699 2606 2768 quid
2634 2697 2791 2752 faciet
2816 2712 2912 2766 pro
2937 2693 3281 2764 justiﬁcatis?
3315 2693 3417 2748 nisi
3456 2700 3635 2748 servet

2041 2807 2134 2846 eos
2147 2793 2214 2846 ab
2229 2793 2328 2856 ira,
2347 2792 2395 2845 id
2412 2800 2515 2855 est,
2531 2799 2675 2845 tutos
2691 2790 2806 2843 illos
2829 2797 3046 2858 prmstet
3067 2788 3134 2842 ab
3150 2788 3397 2842 illusione
3412 2785 3628 2851 diahoii,

2043 2890 2100 2936 ut
2122 2882 2297 2956 securi
2320 2881 2428 2936 sint
2447 2882 2501 2935 in
2525 2881 2609 2934 die
2623 2879 2813 2948 judicii
2836 2895 2958 2934 cum
2981 2878 3208 2948 coeperit
3229 2878 3460 2946 perﬁdos
3499 2877 3631 2930 ultio

2042 2974 2322 3028 devastare
2348 2993 2358 3028 :
2393 2973 2649 3043 quoniam
2672 2972 2814 3026 enim
2857 2971 3068 3025 nonitas
3099 2971 3191 3023 Dei
3219 2969 3418 3022 nullum
3455 2970 3634 3038 perire

2041 3067 2173 3130 vult,
2196 3075 2424 3120 mortem
2438 3065 2806 3136 dignissimam
2828 3063 2992 3126 dedit,
3014 3070 3073 3114 ut
3092 3060 3512 3130 intelligeiitibus
3539 3059 3631 3114 Dei

2041 3157 2269 3228 gratiam
2301 3157 2442 3211 circa
2470 3171 2528 3209 se
2557 3155 2780 3208 adderet
2807 3152 3128 3222 dignitatem
3166 3159 3221 3204 et
3255 3149 3500 3220 gloriam,
3547 3149 3632 3203 iii-

2039 3251 2206 3320 gratis
2234 3248 2535 3304 cumularet
2556 3263 2791 3318 pieiiam.
2827 3245 3022 3314 Ingrati
3049 3243 3101 3298 hi
3131 3253 3254 3298 sunt
3274 3242 3388 3312 qui,
3417 3241 3522 3295 Deo
3543 3257 3636 3295 vo—

2037 3341 2577 3405 cante,dissentiunt,
2612 3340 2705 3393 Dei
2736 3328 2962 3408 gratiam
2993 3337 3310 3398 abnuentes,
3342 3341 3402 3387 ut
3432 3333 3482 3386 in
3507 3350 3632 3402 [ιι-ο-

2035 3435 2212 3502 posito
2241 3435 2443 3488 erroris
2488 3441 2542 3486 et
2593 3431 2944 3499 malignitatis
2985 3434 3358 3498 permaneant.
3411 3424 3630 3497 (Oi-ig.)

2036 3527 2150 3583 Non
2175 3539 2300 3596 puto
2323 3542 2453 3581 sane
2500 3523 2644 3595 quod
2685 3525 2856 3577 otiosa
2886 3523 2956 3575 sit
2987 3522 3125 3591 apud
3148 3520 3370 3573 Paulum
3398 3519 3635 3572 varietas

2039 3620 2137 3676 ista
2171 3620 2488 3681 verborum,
2534 3617 2674 3686 quod
2717 3613 3006 3684 aliquando
3044 3611 3309 3675 inﬁrmos,
3343 3611 3629 3679 aliquando

2037 3712 2250 3780 impios,
2295 3710 2580 3780 aliquando
2620 3718 2932 3780 peccatores
2977 3705 3251 3766 nominat,
3301 3718 3396 3772 pro
3438 3703 3632 3770 quibus

2035 3802 2312 3858 Christum
2357 3810 2626 3855 mortuum
2658 3801 2822 3854 dicit:
2868 3807 2923 3853 et
2948 3797 3196 3868 quamvis
3227 3795 3532 3864 imperitum
3573 3808 3631 3848 se

2037 3892 2270 3947 fateatur
2317 3891 2389 3946 in-
2417 3905 2695 3954 sermone,
2738 3906 2843 3944 non
2884 3897 3064 3944 tamen
3108 3886 3343 3939 arbitror
3385 3885 3526 3952 quod
3573 3885 3624 3936 in

2035 3983 2120 4037 liis
2170 3982 2256 4036 ille
2299 3998 2394 4052 per
2439 3981 2799 4050 imperitiam,
2851 3979 2944 4032 sed
2972 3977 3150 4047 potius
3178 3992 3274 4046 per
3307 3975 3629 4044 piobindaiit

2036 4073 2315 4127 scientiam
2333 4072 2641 4124 variaverit.
2667 4069 2770 4122 Per
2797 4069 2911 4122 h'JBC
2941 4082 3172 4137 namque
3203 4067 3304 4120 tria
3325 4081 3483 4118 omne
3506 4080 3628 4133 pec-

2034 4165 2140 4219 cati
2174 4163 2445 4234 colligitur
2473 4178 2660 4233 genus.
2691 4160 2798 4214 Aut
2837 4161 2978 4215 enim
3031 4159 3285 4228 ignorans
3312 4159 3476 4212 Deum
3506 4158 3628 4228 quis

2033 4262 2220 4328 peccat
2252 4256 2304 4309 in
2337 4255 2590 4318 tenebris,
2639 4261 2694 4306 et
2742 4260 2964 4307 vocatur
3016 4251 3212 4320 impius
3246 4267 3258 4303 :
3293 4259 3385 4304 aut
3444 4249 3627 4302 volens

2033 4361 2255 4404 servare
2303 4347 2644 4411 mandatum,
2699 4345 2931 4399 vincitur
2977 4343 3269 4412 fragilitate
3316 4341 3526 4406 carnis,
3572 4350 3626 4395 et

2035 4440 2303 4496 illecebris
2339 4440 2626 4511 priesentis
2665 4438 2788 4491 vitm
2826 4437 3111 4506 decipitur,
3158 4445 3208 4490 et
3251 4435 3497 4490 inﬁrmus
3528 4451 3624 4505 ap-

2033 4535 2296 4603 pellatur;
2325 4542 2419 4585 aut
2442 4532 2621 4586 sciens
2642 4531 2936 4598 volensque
2962 4529 3260 4582 contemnit
3288 4527 3623 4591 mandatum,

2033 4633 2087 4680 et
2131 4625 2244 4677 odit
2290 4623 2625 4690 disciplinain
2674 4621 2795 4684 Dei,
2832 4636 2895 4674 ac
2941 4619 3155 4690 projicit
3186 4634 3461 4672 sermones
3511 4617 3626 4684 ejus

2031 4725 2150 4786 post
2181 4732 2259 4778 se,
2285 4722 2336 4767 et
2367 4723 2616 4783 peccator
2647 4712 2972 4765 nominatur.
3006 4711 3180 4778 Atque
3213 4711 3282 4762 ita
3315 4710 3509 4762 Paulus
3533 4710 3622 4778 qui

2031 4824 2089 4862 se
2119 4808 2458 4875 imperitum,
2492 4814 2550 4859 ut
2587 4803 2920 4875 diximus,in
2956 4817 3202 4857 sermone
3236 4801 3536 4870 proﬁtetur,
3571 4801 3624 4854 in

2033 4899 2202 4952 tribus
2243 4898 2326 4952 bis
2365 4896 2769 4951 diversitatibus
2809 4895 3080 4958 universa,
3120 4910 3217 4963 pro
3254 4893 3446 4960 quibus
3471 4893 3625 4946 tlbri-

2029 4998 2143 5044 stus
2183 4990 2507 5057 prreilicatur
2546 4999 2789 5042 mortuus
2822 5002 2959 5050 esse,
2995 4986 3307 5054 complexus
3337 4993 3439 5037 est.
3471 4986 3622 5050 Quod
3655 4997 3657 5000 '

2029 5081 2383 5139 Si'illlCl'timll
2426 5081 2588 5134 etiam
2632 5081 2707 5146 hi,
2746 5081 2836 5150 qui
2880 5080 2978 5133 sub
3014 5078 3128 5147 lege
3171 5087 3327 5141 sunt,
3361 5087 3414 5132 et
3454 5079 3621 5133 Deum

2029 5174 2204 5229 colere
2234 5174 2482 5228 videntur
2515 5173 2661 5244 impii
2695 5173 2745 5227 in
2779 5172 3076 5241 Scripturis
3111 5171 3305 5225 divinis
3342 5171 3622 5225 nominau-

2030 5276 2136 5332 tur,
2165 5266 2367 5321 idcirco
2390 5267 2531 5336 quod
2556 5266 2922 5334 relinquentes
2944 5267 3108 5319 Deum
3135 5277 3348 5335 patrum
3379 5282 3616 5333 suorum,

2028 5359 2161 5414 deos
2186 5360 2425 5427 gentium
2456 5357 2658 5412 colunt.
2687 5358 2840 5424 Quod
2871 5375 2998 5412 vero
3027 5359 3226 5412 Paulus
3251 5375 3310 5414 se
3339 5377 3460 5413 cum
3491 5376 3617 5430 pec-

2032 5449 2309 5502 catoribus
2356 5458 2627 5514 numerat,
2656 5449 2744 5520 qui
2792 5450 2843 5502 in
2883 5451 2999 5504 aliis
3035 5451 3164 5505 dicit
3206 5465 3220 5504 :
3270 5451 3382 5506 Nos
3429 5463 3618 5505 natm'a

2031 5541 2227 5606 Iudici,
2267 5552 2314 5596 et
2346 5559 2448 5596 non
2478 5560 2542 5596 ex
2570 5543 2805 5613 gentibus
2834 5554 3126 5614 peccatores
3155 5544 3296 5618 (Gal.
3329 5547 3409 5615 ιι),
3443 5547 3618 5599 humi-

2030 5633 2198 5688 litatis
2223 5637 2340 5702 ejus
2365 5644 2448 5690 est
2473 5637 2645 5690 virtus
2672 5653 2684 5690 :
2719 5636 2960 5691 imitatur
2989 5639 3128 5691 enim
3163 5638 3338 5692 illiilli.
3372 5638 3460 5705 qui
3493 5653 3614 5690 cum

2029 5736 2307 5798 peccatum
2349 5746 2454 5784 non
2497 5729 2744 5795 fecisset,
2787 5742 3064 5802 peccatum
3107 5747 3206 5799 pro
3246 5731 3401 5784 nobis
3443 5729 3616 5786 factus

2029 5832 2141 5890 est,
2179 5834 2234 5880 et
2273 5840 2396 5880 cum
2435 5824 2578 5882 Deus
2605 5834 2779 5894 esset,
2822 5826 2964 5882 inter
2994 5827 3240 5881 homines
3263 5833 3613 5883 conversatus
