4056 6336
470 321 632 406 4575‘

1142 349 1202 403 Β.
1246 349 1498 408 RABANI
1534 349 1757 408 MAURI
1789 347 2112 416 ARCHIE‘P.
2139 350 2764 421 «MOGUNT.O?ERUM
2802 355 2979 413 PARS
3017 355 3107 412 Ill.

3588 360 3762 428 1376

467 475 572 523 est.
601 463 940 523 Commendat
975 481 1099 536 ergo
1126 481 1278 520 suam
1305 465 1776 524 charitatemDeus
1801 465 2050 520 iii-nobis.
2077 467 2138 540 Α
2155 479 2272 524 sum
2300 465 2576 525 Christum
2603 458 2894 526 Dominum
2929 477 3195 529 nostrum.
3239 469 3300 525 Si
3331 473 3492 541 enim,
3527 474 3756 545 inquit,

469 557 666 632 (0rig.)
688 557 786 614 llic
806 559 1151 624 commendat,
1183 549 1270 614 viil
1291 558 1580 618 conﬁrmat
1608 559 1944 630 intelligitur,
1968 561 2049 616 vel

468 649 755 705 amabilem
783 648 915 704 facit
956 663 1057 719 pro
1089 649 1366 706 beneﬁciis
1412 651 1687 719 praestitis.
1717 650 1872 718 Quod
1905 653 2048 711 enim

467 743 736 809 Christus,
767 758 888 798 cum
924 743 1098 798 adhuc
1121 751 1437 812 peccatores
1457 758 1728 808 essemus,
1765 760 1863 816 pro
1895 746 2050 804 nobis

467 846 715 892 mortuus
745 845 848 901 est,
878 849 1029 905 spem
1050 835 1206 890 nobis
1225 835 1317 890 dat
1337 836 1480 904 quod
1503 835 1672 891 multo
1691 837 1864 909 magis
1889 853 1992 892 nos
2015 853 2050 894 a

465 941 689 1000 peccato
716 935 975 999 purgatos
995 935 1058 982 et
1088 926 1432 998 justiﬁcatos,
1455 927 1527 984 ab
1551 927 1631 982 ira
1657 942 1780 998 quas
1804 928 2052 986 imminet

465 1019 844 1092 peccatoribus
884 1017 1114 1073 salvabit
1152 1032 1249 1088 per
1289 1018 1509 1087 ipsum:
1551 1026 1606 1072 et
1643 1018 1736 1088 qui
1763 1019 1970 1077 alienos
1996 1031 2061 1077 et-

467 1111 716 1166 inimicos
743 1111 818 1166 ita
846 1109 1050 1175 dilexit,
1085 1118 1145 1164 ut
1167 1124 1264 1180 pro
1293 1108 1449 1172 nobis
1479 1108 1547 1164 ad
1577 1119 1806 1178 mortem
1831 1111 2050 1170 unicum

467 1220 628 1260 suum
653 1206 822 1268 daret,
841 1202 1010 1258 multo
1033 1201 1206 1274 magis
1231 1216 1358 1258 suos
1385 1201 1625 1268 effectos,
1653 1213 1710 1258 et
1735 1205 2052 1261 reconcilia-

467 1305 553 1354 tos
581 1298 682 1354 sibi
704 1307 960 1354 aeternam
983 1297 1212 1352 salutem
1231 1295 1472 1352 donabit.
1497 1294 1666 1352 Multo
1687 1313 1828 1366 ergo,
1853 1297 2047 1368 inquit,

465 1390 632 1460 magis
653 1387 932 1459 justiﬁcati
953 1403 1090 1442 nunc
1111 1387 1168 1440 in
1191 1385 1447 1455 sanguine
1463 1385 1602 1454 ejus,
1620 1383 1751 1442 salvi
1771 1386 2050 1442 etintus'ab

463 1481 546 1534 ira
565 1498 658 1550 per
678 1463 868 1551 ipsum.
907 1479 965 1534 ln
989 1465 1359 1548 superioribus
1401 1476 1622 1545 quidem.
1652 1477 1908 1533 dixerat:
1947 1478 2052 1534 Ju-

463 1572 678 1640 sti/icati
719 1572 880 1641 igitur
907 1586 973 1624 ex
1009 1569 1132 1638 ﬁde,
1156 1583 1338 1639 pacem
1364 1566 1650 1635 habeamus
1693 1567 1763 1622 ad
1787 1567 1975 1634 Deum,
1996 1577 2054 1624 et

463 1677 610 1718 nunc
651 1645 1012 1724 dicit,iMulto
1047 1660 1214 1729 magis
1241 1675 1380 1713 nunc
1399 1656 1683 1728 justiﬁcati
1715 1659 1770 1712 in
1797 1661 2052 1730 sanguine

463 1753 627 1824 ipsius
655 1752 786 1807 salvi
812 1753 1006 1808 erimus
1036 1751 1100 1804 ab
1127 1751 1331 1820 ira'per
1359 1750 1550 1818 ipsum.
1579 1749 1659 1802 Ex
1685 1763 1793 1818 quo
1818 1751 2055 1808 ostendit

2151 571 2269 617 cum
2298 557 2498 612 inimici
2523 574 2749 616 essemus
2771 559 3092 614 reconciliati
3121 577 3301 616 sumus
3323 561 3434 620 Deo
3461 581 3555 635 per
3583 583 3784 622 mon»

2149 655 2254 700 tem
2287 646 2385 716 ﬁlii
2412 647 2545 716 ejus,
2574 648 2930 720 multomagis
2960 651 3284 720 reconciliati
3307 654 3444 726 salvi
3457 658 3660 716 erimus
3685 661 3762 716 in

2150 737 2282 802 vita'
2307 738 2493 808 ipsius,
2541 748 2599 795 et
2628 740 2852 813 reliqua.
2880 741 3076 816 (0rig.)
3107 744 3400 802 Evidenter
3424 751 3762 810 ostenditur

2151 843 2250 884 nos
2318 844 2438 892 esse
2478 831 2735 902 aliquam
2799 833 3186 902 substantiam,
3252 853 3373 908 quae
3433 843 3762 901 secundum

2151 918 2519 992 diﬂinitionem
2581 920 2870 979 Marcionis
2937 923 3024 980 vel
3078 924 3344 984 Valentini
3387 913 3760 988 'naturaliter

2152 1011 2370 1068 inimica
2429 1013 2499 1066 sit
2557 1011 2668 1068 Deo
2701 1030 2715 1066 :
2746 1013 2983 1088 alioquin
3023 1017 3070 1072 si
3126 1017 3268 1086 quod
3307 1019 3585 1078 inimicum
3625 1035 3777 1090 est,-

2152 1110 2357 1158 naturte
2408 1111 2570 1168 esset,
2633 1111 2687 1160 et
2723 1119 2828 1160 non
2884 1105 3196 1173 voluntatis,
3237 1095 3778 1176 reconciliationem-

2151 1195 2339 1264 utique
2381 1211 2488 1268 non
2536 1197 2779 1254 haberet.
2834 1198 2937 1254 Ubi
2986 1209 3166 1256 autem
3220 1219 3288 1258 ex
3333 1204 3554 1260 inimico
3609 1211 3757 1277 quis

2151 1286 2358 1342 amicus
2381 1286 2630 1353 elﬁcitur,
2661 1297 2866 1346 certum
2895 1302 2980 1350 eat
3001 1293 3145 1362 quod
3166 1293 3292 1350 dum
3327 1310 3390 1354 ea
3411 1312 3576 1366 opera
3624 1301 3758 1370 agit

2155 1394 2275 1450 quae
2311 1395 2418 1436 non
2448 1389 2594 1436 amat
2625 1383 2788 1448 Deus,
2819 1383 3072 1440 inimicus
3101 1395 3186 1441 est
3215 1387 3336 1452 Dei,
3369 1397 3423 1444 et
3437 1393 3750 1462 unusquis-

2153 1486 2258 1545 que
2306 1479 2418 1526 tam
2465 1474 2644 1544 gravis
2689 1482 2745 1528 ct
2784 1484 2893 1530 tam
2939 1476 3154 1556 odibilis
3189 1476 3422 1534 efﬁcitur
3457 1480 3750 1549 inimicus,

2154 1579 2314 1634 quam
2331 1565 2766 1636 multiplicaverit
2779 1581 2940 1637 opera
2965 1569 3264 1626 inimicitiis
3283 1573 3464 1642 digna.
3490 1572 3625 1628 Sunt
3650 1592 3756 1634 er-

2155 1671 2221 1727 go
2237 1672 2502 1712 mensura:
2515 1667 2569 1711 et
2592 1659 2791 1730 gradus
2814 1660 3032 1730 quidam
3054 1661 3108 1714 in
3127 1661 3214 1716 bis
3234 1673 3580 1732 peccatorum
3599 1681 3754 1734 qua—

2154 1747 2304 1802 litate
2331 1749 2415 1804 vel
2441 1749 2744 1818 quantitate
2775 1749 3036 1815 distincti,
3073 1750 3164 1822 qui
3197 1753 3403 1810 inimici
3443 1763 3570 1810 sunt
3599 1755 3746 1811 Deo.

463 1845 607 1914 quod
639 1860 814 1914 neque
855 1844 990 1898 ﬁdes
1029 1851 1212 1898 nostra
1259 1842 1376 1896 sine
1405 1841 1606 1897 Christi
1631 1844 1926 1914 sanguine;
1957 1861 2050 1900 ne-
2155 1837 2309 1894 Unde
2343 1846 2399 1894 et
2426 1839 2514 1894 ille
2541 1840 2633 1918 qui
2663 1855 2825 1909 supra
2861 1856 3050 1897 omnes
3082 1845 3325 1912 peccavit
3357 1860 3388 1898 a
3413 1845 3576 1903 Paulo
3603 1847 3747 1903 ulti-

464 1951 569 2006 que
596 1936 814 2004 sanguis
839 1933 1038 1988 Christi
1065 1947 1163 1986 nos
1188 1933 1304 1987 sine
1331 1931 1434 1987 ﬁde
1463 1941 1650 1988 nostra
1671 1933 1951 2003 justiﬁcat,
1981 1952 2051 1992 ex

465 2030 694 2092 utroque
747 2031 927 2078 tamen
981 2019 1151 2076 multo
1199 2021 1370 2092 magis
1415 2022 1633 2092 sanguis
1677 2021 1877 2079 Christi
1925 2030 2062 2094 nos,

463 2127 625 2183 quam
669 2111 802 2167 ﬁdes
843 2119 1029 2168 nostra
1061 2111 1344 2181 justiﬁcat.
1371 2111 1440 2168 Et
1479 2112 1598 2168 ideo
1643 2113 1776 2168 mihi
1818 2115 2046 2182 videtur,

461 2220 584 2259 cum
611 2205 665 2259 in
695 2200 1064 2274 superioribus
1084 2203 1405 2275 simpliciter
1425 2205 1644 2272 d'uterit,
1667 2205 1958 2277 Justiﬁcati
1985 2227 2051 2267 ea;

459 2298 584 2367 ﬁde,
613 2299 701 2354 hic
729 2299 1018 2364 addidisse,
1043 2298 1214 2353 Multo
1243 2301 1412 2370 magis
1461 2317 1583 2372 ergo
1609 2319 1746 2356 nunc
1767 2303 2049 2373 justiﬁcati
2081 2330 2091 2340 -

458 2389 512 2443 in
557 2393 811 2461 sanguine
853 2391 1000 2461 ejus,
1043 2399 1104 2446 ut
1143 2393 1392 2458 doceret,
1435 2393 1562 2462 quia
1601 2395 1670 2448 ab
1713 2395 1792 2450 ira
1822 2397 2048 2454 vetitura

457 2467 669 2540 etiamsi
699 2482 834 2540 ﬁdes
861 2491 1047 2540 nostra
1075 2498 1176 2539 nos
1207 2483 1382 2542 salvet
1403 2524 1418 2550 ,
1458 2484 1672 2538 etiamsi
1703 2501 1866 2556 opera
1887 2485 2049 2556 justi-

455 2573 577 2642 tiae,
609 2589 771 2646 super
811 2575 942 2630 haec
973 2563 1152 2630 tamen
1191 2574 1577 2630 omnia‘multo
1622 2577 1794 2648 magis
1829 2579 2048 2650 sanguis

455 2663 656 2742 Christi
685 2667 866 2724 salvos
899 2681 998 2722 nos
1025 2665 1190 2721 faciat
1215 2665 1284 2722 ab
1310 2666 1390 2720 ira
1418 2675 1666 2722 ventura.

529 2754 588 2812 Si
619 2759 757 2812 enim
801 2747 919 2814 cum
964 2758 1163 2815 inimici
1209 2775 1440 2814 essemus
1483 2759 1813 2816 reconciliati
1862 2779 2044 2820 sumus

455 2847 565 2904 Deo
592 2865 684 2920 per
720 2858 940 2904 mortem
959 2847 1091 2903 Filii
1132 2849 1264 2919 ejus,
1311 2849 1476 2903 multo
1518 2850 1686 2920 magis
1725 2852 2047 2911 reconciliati

454 2941 585 2996 salvi
616 2941 808 2996 erimus
841 2941 896 2996 in
925 2941 1030 2995 vita
1057 2941 1240 3012 ipsius.
1293 2939 1530 3011 (Amhr.)
1578 2939 1924 3018 Manifestum
1962 2953 2046 3002 est

455 3030 583 3100 quia
611 3031 676 3096 si,
716 3041 777 3085 ut
802 3031 1179 3086 reconciliaret
1203 3047 1304 3088 nos
1340 3031 1464 3095 sibi,
1507 3031 1650 3088 Deus
1673 3033 1871 3090 Filium
1885 3051 2042 3093 suum

457 3121 620 3176 morti
669 3122 918 3184 tradidit,
971 3132 1176 3190 quanto
1213 3109 1386 3194 magis
1431 3123 1812 3194 reconciliatos
1864 3125 2043 3183 salvos

453 3193 618 3265 faciet
657 3210 712 3264 in
735 3197 855 3265 .vita
883 3211 1086 3280 ipsius?
1116 3210 1232 3266 Non
1263 3211 1405 3267 enim
1437 3213 1639 3282 poterit
1667 3199 1890 3270 minime
1919 3217 2042 3272 dili-

454 3319 582 3382 gere
597 3305 822 3370 amicos,
847 3305 938 3376 qui
963 3305 1186 3374 prodest
1215 3305 1466 3360 inimicis.
1484 3303 1542 3361 Si
1571 3307 1714 3362 enim
1744 3323 1892 3366 nmis
1919 3309 2042 3365 Sa!-

455 3397 658 3452 vatoris
687 3396 888 3466 profuit
907 3397 1076 3453 nobis
1096 3398 1273 3460 adhuc
1300 3398 1502 3470 impiis,
1531 3408 1736 3469 quanto
1760 3401 1931 3472 magis
1951 3399 2049 3472 ju-'

453 3491 702 3546 stiﬁcatis
731 3472 838 3566 vita
878 3489 1068 3561 ipsius,
1118 3506 1240 3546 cum
1281 3493 1517 3564 resurgit
1542 3509 1573 3546 a
1617 3480 2045 3564 mortuis‘lquia'

453 3583 594 3638 sicut
623 3597 770 3640 mors
795 3581 911 3650 ejus
947 3598 978 3637 a
1007 3581 1232 3660 diabolo,
1256 3597 1356 3638 nos
1390 3585 1562 3650 eruit,
1588 3585 1662 3640 ita
1690 3595 1748 3641 et
1777 3587 1888 3643 vita
1921 3588 2042 3658 ejus

451 3673 518 3728 de
539 3673 624 3728 die
639 3660 830 3744 judicii
857 3672 952 3728 Dei
981 3687 1080 3728 nos
1105 3672 1373 3728 liberabit.
1411 3675 1594 3746 (Aug.)
1623 3675 1765 3747 Ergo
1791 3676 2040 3736 Christus

449 3779 548 3835 pro
580 3764 761 3833 impiis
799 3753 1046 3820 mortuus
1079 3774 1193 3841 est,
1231 3775 1288 3820 et
1311 3766 1563 3843 Christus
1597 3769 1739 3824 Deus
1769 3779 1872 3836 est,
1899 3789 2039 3843 quo-

450 3853 612 3912 modo
652 3843 900 3926 regnavit
937 3851 1186 3912 inventus
1226 3855 1280 3910 in
1307 3857 1418 3911 vita
1456 3857 1548 3912 Dei
1581 3855 1792 3926 justus,
1823 3862 2038 3930 quando

450 3960 518 4000 ne
539 3946 742 4016 periret
783 3953 958 4002 morte
995 3947 1094 4002 Dei
1127 3947 1387 4018 quaesitus
1431 3959 1516 4004 est
1557 3933 1813 4020 impiitst
1838 3952 1893 4006 in
1925 3953 2036 4016 vita

449 4035 595 4104 enim
619 4036 714 4092 Dei
739 4035 874 4093 salvi
910 4037 1138 4104 erimus,
1170 4039 1296 4108 quia
1334 4038 1390 4094 in
1420 4039 1532 4094 vita
1571 4049 1758 4100 nostra
1787 4043 2034 4112 periera-

449 4145 592 4207 mus.
618 4129 749 4200 ,Sed
789 4145 911 4186 cum
947 4125 1222 4198 audimus,
1263 4140 1318 4200 et
1357 4132 1524 4188 vitam
1562 4134 1658 4188 Dei
1703 4143 1756 4190 et
1799 4146 2034 4196 mortem

449 4223 565 4288 Dei,
600 4220 973 4286 discernamus
1001 4225 1128 4296 quid
1156 4226 1299 4282 unde
1332 4227 1404 4285 sit
1427 4246 1441 4280 :
1467 4229 1637 4284 vitam
1666 4231 1864 4302 quippe
1890 4241 2035 4291 attu-.

445 4311 510 4392 lit
549 4313 726 4390 nobis,
747 4323 986 4390 mortem
1015 4315 1394 4384 veroaccepit
1437 4331 1466 4370 a
1509 4317 1684 4386 nobis,
1717 4335 1818 4376 nec
1849 4328 2033 4382 tamen

446 4419 548 4476 pro
587 4418 686 4479 suo
719 4405 934 4468 merito,
974 4404 1069 4460 sed
1107 4419 1206 4475 pro
1241 4399 1700 4472 nobis.‘Fuimus,
1750 4409 1945 4482 inquit,
1983 4422 2033 4470 et

449 4511 542 4548 nos
570 4503 760 4554 natura
783 4493 882 4564 ﬁlii
903 4481 1017 4562 iraa,
1049 4496 1182 4550 sicut
1212 4504 1260 4550 et
1283 4498 1458 4552 ceteri
1489 4495 1816 4571 (Ephes.~u),
1836 4481 1900 4557 in
1926 4503 2030 4564 hac

447 4588 550 4654 ira,
587 4604 720 4648 .cum
753 4597 943 4668 essent
986 4589 1234 4646 homines
1261 4603 1374 4662 per
1411 4590 1674 4661 originale
1718 4588 2092 4679 peceatum,.‘{

447 4689 597 4737 tanto
639 4681 856 4753 gravius
901 4688 956 4736 et
999 4680 1358 4753 perniciosius
1419 4689 1620 4754 quanto
1677 4682 1880 4754 majora
1943 4687 2028 4746 vel

441 4755 598 4848 plura
639 4773 861 4848 insuper
898 4773 1251 4839 addiderunt,
1295 4776 1636 4832 necessarius
1667 4787 1787 4831 erat
1823 4779 2027 4834 media-

444 4873 549 4928 tor,
581 4867 686 4920 hoc
725 4872 810 4922 est
839 4865 1248 4932 reconciliator,
1280 4866 1373 4935 qui
1407 4867 1549 4922 hanc
1587 4855 1728 4921 iram
1769 4868 2022 4924 sacriﬁcii

443 4958 734 5036 singularis
759 4956 914 5033 cujus
937 4965 1096 5012 erant
1123 4958 1330 5028 umbra:
1370 4953 1552 5014 omnia
1583 4960 1852 5028 sacriﬁcia
1887 4963 2024 5035 legis

442 5062 498 5108 et
518 5051 920 5122 prophetarum,
947 5049 1220 5106 oblatione
1245 5051 1503 5121 placaret.
1519 5049 1653 5108 Cum
1679 5062 1860 5112 autem
1881 5055 2027 5120 Deus

437 5143 604 5218 irasci
645 5144 884 5208 dicitur,
920 5157 1040 5198 ,non
1089 5142 1206 5212 ejus
1250 5141 1586 5212 signiﬁcatur
1649 5145 2021 5218 perturbatio,

438 5215 620 5309 qualis
644 5243 728 5293 est
762 5235 819 5290 in
853 5235 1034 5290 animo
1073 5233 1358 5288 irascentis
1395 5233 1664 5300 hominis,
1697 5235 1792 5290 sed
1822 5252 1888 5292 ex
1921 5237 2024 5294 hu-

437 5330 626 5394 manis
673 5329 1231 5398 motibustranslato
1274 5326 1535 5384 vocabulo
1582 5325 1822 5382 vindicta
1867 5326 2020 5397 ejus,

435 5437 560 5499 qua:
599 5435 704 5478 non
745 5419 850 5475 nisi
885 5419 1032 5490 justa
1067 5428 1172 5486 est,
1214 5418 1310 5474 ira:
1352 5399 1548 5474 nomen
1588 5419 1816 5492 accepit.
1865 5417 2018 5486 Quod

438 5531 568 5588 ergo
599 5529 696 5588 per
722 5511 1074 5575 Mediatorem
1109 5510 1526 5569 reconciliamur
1557 5511 1698 5577 Deo,
1730 5518 1786 5568 et
1822 5511 2018 5586 accipi?

437 5627 560 5675 mus
607 5610 870 5683 Spiritum
913 5615 1177 5674 sanctum,
1203 5615 1292 5680 ⁸ιιι.
1328 5605 1678 5682 exinimicis
1724 5603 2020 5687 ciliciamur

439 5707 566 5774 ﬁlii,
620 5713 868 5778 quotquot
907 5700 1046 5758 enim
1105 5697 1305 5771 Spiritu
1350 5696 1450 5754 Dei
1500 5705 1761 5768 aguntur,
1809 5697 1862 5752 hi
1918 5696 2018 5766 filii

435 5802 542 5859 Dei
589 5809 710 5866 sunt
761 5795 933 5872 (item.
962 5789 1117 5869 ¹γιιι),
1155 5791 1274 5864 haec
1305 5789 1620 5874 .estlgra‘tia‘
1659 5787 1892 5882 Dei'per
1926 5785 2018 5872 te-

2155 1943 2275 1982 mus
2315 1929 2567 1984 inimicus
2595 1931 2956 1986 destruendus
3000 1947 3120 1987 esse
3160 1945 3536 1989 memoratur:
3575 1953 3748 1994 versa

2152 2027 2331 2075 autem
2357 2020 2474 2076 vice
2503 2029 2559 2078 et
2582 2017 2782 2077 ordine
2799 2023 2964 2078 etiam
2988 2039 3084 2079 eos
3107 2025 3199 2094 qui
3243 2026 3571 2083 reconciliati
3603 2040 3754 2086 sunt

2150 2124 2248 2187 per
2278 2119 2504 2166 mortem
2543 2109 2637 2166 ﬁlii
2669 2109 2807 2180 ejus,
2838 2111 2894 2166 in
2935 2113 3125 2168 amicis
3155 2115 3345 2169 haberi
3375 2125 3584 2172 certum
3613 2128 3742 2186 est;

2150 2209 2206 2277 et
2244 2217 2365 2258 esse
2406 2202 2636 2273 aliquem
2679 2204 2756 2258 ita
2793 2205 3028 2260 amicum
3077 2205 3216 2260 sicut
3260 2205 3476 2278 Moyses
3522 2212 3744 2268 amicus

2153 2292 2246 2348 Dei
2273 2293 2570 2363 appellatus
2606 2301 2713 2358 est,
2753 2308 2874 2350 esse
2911 2311 3126 2366 quoque
3165 2296 3330 2362 alios,
3364 2299 3561 2368 quibus
3600 2301 3748 2358 dicit

2151 2390 2402 2460 Salvator
2434 2433 2448 2446 .
2494 2391 2618 2446 lam
2666 2408 2768 2446 non
2804 2392 2978 2446 dicam
3022 2410 3109 2447 vos
3155 2409 3350 2461 servos,
3395 2395 3486 2448 sed
3535 2397 3742 2454 amicos

2150 2481 2332 2555 (Joan.
2358 2483 2448 2556 xv)
2465 2525 2480 2550 ,
2504 2483 2667 2539 credo
2693 2492 2874 2540 autem
2897 2497 3016 2539 esse
3041 2483 3216 2540 adhuc
3243 2486 3416 2556 magis
3437 2485 3742 2544 familiares

2149 2573 2358 2644 aliquos
2397 2573 2450 2628 in
2489 2573 2802 2632 coelestibus
2834 2575 3041 2630 amicos
3079 2575 3220 2645 apud
3259 2575 3448 2642 Deum,
3478 2579 3566 2633 vel
3613 2581 3738 2637 illos

2150 2663 2242 2737 qui
2281 2679 2500 2736 semper
2532 2665 2718 2720 vident
2747 2663 2940 2720 faciem
2968 2665 3102 2731 Dei,
3133 2665 3220 2720 vel
3254 2681 3348 2724 eos
3385 2669 3479 2738 qui
3515 2684 3738 2740 semper

2147 2757 2364 2814 adstant
2395 2757 2451 2812 in
2482 2765 2774 2828 conspectu
2799 2756 3059 2834 Altissimi
3085 2775 3098 2811 :
3128 2765 3189 2812 ut
3225 2759 3367 2816 sicut
3403 2775 3565 2832 supra
3593 2762 3736 2817 dixi-

2146 2863 2268 2905 mus
2297 2863 2419 2904 esse
2449 2849 2739 2920 quemdam
2761 2849 3112 2906 novissimum
3146 2851 3446 2918 inimicum,
3473 2853 3546 2908 ita
3568 2862 3624 2908 et
3651 2855 3732 2912 ibi

2145 2956 2245 3012 pro
2269 2941 2531 2996 virtutum
2563 2938 2770 2995 meritis
2798 2939 3102 2997 habeantur
3127 2943 3323 2998 summi
3350 2943 3515 3018 aliqui
3545 2946 3726 3002 amici.

2145 3033 2279 3088 Cum
2311 3047 2440 3104 ergo
2467 3033 2540 3089 ita
2577 3032 2708 3096 sint,
2741 3033 2926 3088 nescio
2955 3033 3003 3088 si
3036 3033 3084 3088 is
3111 3035 3201 3104 qui
3233 3036 3411 3092 adhuc
3442 3047 3730 3108 permanet

2147 3123 2203 3178 in
2231 3122 2320 3186 his
2353 3123 2631 3193 operibus,
2668 3138 2788 3194 quae
2820 3124 2934 3180 odit
2965 3123 3130 3190 Deus,
3165 3135 3220 3180 et
3252 3143 3354 3197 pro
3381 3130 3576 3198 quibus
3623 3131 3728 3186 ini-

2069 3194 2119 3300 β’
2146 3215 2364 3272 ηιίοὶῑίω
2397 3225 2525 3271 sunt
2562 3217 2704 3271 inter
2736 3203 2901 3272 Deum
2949 3225 3004 3272 et
3035 3218 3305 3286 homines,
3346 3223 3725 3281 reconciliatus

2144 3319 2266 3360 esse
2315 3305 2422 3361 Deo
2461 3321 2562 3377 per
2608 3307 2924 3378 sanguinem
2985 3307 3187 3387 Christi
3249 3313 3444 3367 merito
3491 3314 3720 3374 dicatur.

2143 3389 2438 3463 Quomodo
2464 3397 2610 3452 enim
2659 3397 3039 3454 reconciliatus
3067 3408 3170 3465 est,
3198 3400 3290 3472 qui
3320 3412 3402 3456 est
3440 3404 3723 3462 inimicus!

2141 3486 2340 3544 Paulus
2369 3502 2500 3560 ergo
2553 3489 2749 3544 merito
2777 3496 2834 3544 et
2861 3489 2928 3545 de
2951 3504 3010 3544 se
3041 3498 3094 3544 et
3131 3491 3234 3548 sibi
3271 3492 3536 3548 similibus
3565 3496 3720 3563 dicit,

2140 3580 2266 3652 quia
2294 3597 2418 3642 cum.
2440 3580 2641 3634 inimici
2665 3596 2914 3647 essemus,
2945 3580 3266 3636 reconciliati
3295 3600 3476 3640 sumus
3499 3584 3609 3638 Deo
3630 3603 3722 3655 per

2139 3669 2448 3739 sanguinem
2468 3666 2600 3721 Filii
2621 3667 2756 3740 ejus.
2776 3667 3010 3724 Grandis
3035 3671 3210 3742 pudor
3233 3663 3336 3738 est,
3366 3673 3454 3728 ubi
3485 3674 3605 3728 talis
3631 3692 3720 3732 re-

2137 3758 2448 3814 conciliatio
2484 3757 2625 3814 facta
2665 3767 2770 3825 est,
2812 3760 2902 3815 ubi
2943 3761 3254 3818 inimicitias
3292 3763 3431 3818 inter
3457 3765 3625 3822 Deum
3663 3777 3719 3822 et

2137 3848 2385 3906 homines
2427 3864 2536 3904 non
2579 3863 2760 3905 sermo
2797 3852 3120 3920 peccatoris,
3162 3853 3255 3908 sed
3294 3857 3515 3924 sanguis
3543 3857 3718 3912 inter-

2137 3927 2370 3996 cessoris
2397 3941 2644 4007 absolvit,
2677 3939 2873 3996 iterum
2901 3957 3000 3996 nos
3027 3945 3269 4000 converti
3293 3946 3359 4000 ad
3385 3945 3716 4014 inimicitias,

2135 4036 2190 4083 et
2218 4043 2379 4100 agere
2413 4044 2478 4084 ea
2525 4045 2645 4100 qua:
2673 4031 2786 4086 odit
2820 4031 2908 4086 ille
2935 4047 3096 4102 quem
3132 4034 3288 4090 nobis
3315 4051 3419 4090 non
3451 4038 3554 4093 nisi
3581 4040 3716 4094 eﬁ‘u-

2136 4121 2218 4176 sio
2247 4122 2524 4192 sanguinis
2551 4123 2690 4178 sacri
2719 4124 3185 4194 reconciliaverat.

2206 4212 2332 4267 Non
2354 4217 2522 4268 solum
2545 4225 2718 4270 autent
2738 4218 2856 4284 hoc,
2885 4220 2975 4273 sed
2994 4229 3042 4274 et
3068 4220 3360 4291 gloriamur
3383 4223 3437 4278 in
3463 4224 3592 4290 Deo,
3622 4243 3716 4296 per

2135 4299 2414 4357 Dominum
2453 4315 2687 4359 nostrum
2725 4307 2908 4361 Jesutn
2946 4307 3246 4388 Christum,
3284 4329 3376 4381 per
3400 4330 3550 4382 quem
3579 4331 3712 4388 nunc

2131 4386 2608 4457 reconciliationem
2663 4401 2980 4482 accepimus;
3039 4385 3288 4475 ('Ambr.)
3334 4389 3451 4458 Non
3502 4385 3708 4482 tantum

2129 4505 2230 4562 pro
2257 4497 2473 4560 accepta
2502 4489 2674 4546 salute
2703 4498 2759 4545 et
2783 4479 3073 4547 securitate
3101 4491 3212 4548 Deo
3246 4496 3447 4567 gratias
3479 4479 3710 4568 agendas

2131 4571 2321 4650 docet,
2373 4580 2467 4636 sed
2509 4588 2564 4634 et
2603 4572 2943 4651 gloriandum
2991 4597 3090 4652 per
3123 4581 3306 4638 Jesum
3333 4583 3607 4642 Christum
3653 4588 3705 4641 in

2131 4669 2262 4737 Deo,
2293 4672 2386 4742 qui
2424 4667 2683 4741 dignatus
2704 4680 2789 4726 est
2820 4686 2889 4726 ex
2930 4667 3111 4744 impiis
3137 4683 3192 4730 et
3220 4671 3455 4732 inimicis
3477 4678 3580 4732 dici
3609 4693 3705 4732 nos

2129 4751 2256 4821 Suos
2285 4755 2512 4830 amicos,
2544 4771 2602 4819 ut
2629 4761 2811 4818 omnia
2859 4757 3121 4820 beneﬁcia
3150 4781 3249 4836 per
3275 4763 3546 4823 Christum
3578 4785 3702 4824 con-

2129 4864 2344 4913 secutos
2367 4871 2468 4912 nos
2479 4856 2828 4928 gaudeamus;
2845 4858 3038 4927 utquia
3057 4873 3154 4929 per
3169 4858 3342 4930 ipsum
3358 4862 3702 4934 cognovimus

2128 4948 2318 5012 Deum,
2351 4945 2645 5018 gloriantes
2660 4947 2712 5002 in
2724 4963 2813 5013 eo,
2847 4947 3133 5004 reddamus
3160 4949 3212 5004 ei
3241 4950 3700 5008 honoriﬁcentiam

2128 5057 2314 5113 parem
2339 5041 2448 5096 Deo
2469 5039 2640 5106 Patri,
2673 5039 2790 5110 ipso
2815 5039 2918 5094 sibi
2943 5033 3141 5095 idoneo
3170 5049 3305 5097 teste
3331 5043 3653 5112 praedicante
3682 5063 3695 5098 :

2129 5129 2199 5187 Ut
2248 5131 2612 5204 honoriﬁcent,
2654 5129 2851 5201 inquit,
2899 5126 3120 5196 Filium,
3163 5135 3296 5187 sicut
3351 5135 3697 5204 honoriﬁcam

2128 5226 2341 5281 Patrem
2362 5223 2542 5296 (Joan.
2576 5223 2652 5295 v).
2676 5221 2805 5292 Post
2826 5217 2920 5278 Dei
2940 5209 3068 5292 ergo
3089 5223 3269 5280 Patris
3287 5225 3700 5296 providentiam,

2125 5327 2179 5374 et
2218 5317 2418 5372 donum
2463 5315 2604 5388 quod
2650 5305 2798 5370 dedit
2842 5331 2940 5388 per
2967 5315 3267 5396 Christum,
3311 5325 3370 5370 ut
3415 5331 3701 5386 personam

2124 5409 2245 5466 Filii
2281 5407 2436 5463 nobis
2466 5414 2672 5480 gratam
2703 5401 2926 5474 faceret,
2951 5408 3076 5481 quia
3106 5424 3204 5479 per
3227 5407 3498 5464 Christum
3537 5426 3701 5465 unum

2126 5499 2390 5572 redempti
2407 5515 2592 5555 sumus
2615 5491 2806 5554 abuno
2826 5497 2937 5554 Deo
2957 5499 3137 5562 Patre,
3155 5497 3349 5570 adjecit
3376 5517 3388 5552 :
3417 5498 3702 5570 Propterea

2125 5597 2258 5651 sicut
2281 5611 2372 5667 per
2396 5571 2557 5647 unum
2591 5591 2848 5645 hominem
2882 5603 3153 5662 peccatum
3193 5589 3247 5646 in
3285 5588 3422 5645 hunc
3448 5593 3701 5646 mundum

2124 5687 2358 5756 intravit,
2380 5699 2428 5744 et
2448 5703 2540 5760 per
2558 5695 2825 5758 peccatum
2845 5701 3007 5750 mors,
3037 5689 3085 5739 et
3100 5683 3174 5739 sic
3188 5683 3254 5745 in
3276 5699 3452 5738 omnes
3468 5683 3702 5739 homines

2125 5763 2266 5871 mors
2284 5775 2606 5854 pertransiit,
2627 5777 2683 5832 in
2707 5793 2810 5848 quo
2843 5783 3020 5832 Omnes
3039 5771 3395 5847 peccauerunt.
3433 5773 3702 5842 Quoniam
