4056 6336
332 406 472 460 4577
872 384 1421 453 ENARRATIONUM
1450 390 1529 450 IN
1554 382 1717 450 'EPP;
1752 378 1961 445 PAUEI
1997 382 2252 442 1.18.111.
2293 384 2365 428 —-‘-
2400 384 2469 442 IN
2508 382 2730 442 EPIST.
2767 381 2860 440 AD
2897 380 3066 439 ROM.
3462 370 3602 432 1578

335 514 587 585 superius
609 511 707 567 Dei
737 511 967 584 gratiam
1005 525 1105 580 per
1141 508 1419 565 Christum
1465 509 1649 563 datam
1682 503 1920 561 ostendit
1944 501 2167 571 Aapud
2210 501 2553 571 temetipsum
2599 507 2955 571 pertractato,
2988 497 3132 554 unde
3170 495 3225 552 in
3262 497 3407 552 hunc
3445 511 3604 551 mun-
3688 561 3693 565 θ

338 605 635 660 secundum
672 601 917 658 ordinem
957 600 1234 667 veritatis,
1277 616 1422 654 nunc
1463 598 1637 669 ipsum
1675 597 1920 651 ordinem
2022 590 2149 650 dum
2203 592 2447 648 introivit
2490 601 2800 664 peccatum,
2848 598 2943 646 aut
2983 590 3077 646 ubi
3122 597 3244 646 erat
3286 589 3602 661 priusquam

339 698 500 752 unius
522 696 615 750 Dei
645 695 835 767 patris,
865 709 964 764 per
988 708 1155 748 unum
1179 690 1453 747 Christum
1476 691 1671 747 Filium
1686 691 1805 761 ejus
1825 689 1921 745 de—
2022 683 2112 738 hic
2155 682 2438 739 introiret?
2472 692 2567 738 aut
2603 683 2650 739 si
2686 682 2909 739 omnino
2947 691 3096 750 erat,
3132 683 3221 737 vel
3259 682 3305 737 si
3340 681 3444 737 fuit
3478 688 3605 738 ante

340 787 533 850 clarat,
563 795 623 842 ιιι
647 787 771 856 quia
796 786 967 862 Adam
993 798 1153 848 unus,
1179 782 1231 837 id
1267 792 1372 850 est,
1394 783 1530 849 Eva,
1559 793 1617 839 et
1637 783 1751 853 ipsa
1778 783 1921 837 enim

340 878 515 935 Adam
551 887 652 944 est,
690 877 935 948 peccavit
982 876 1035 931 in
1077 875 1352 940 omnibus,
1391 874 1466 929 ita
1509 890 1649 929 unus
1676 874 1925 929 Christus

345 970 513 1026 Filius
538 970 634 1026 Dei
663 977 945 1039 peccatum
975 968 1105 1022 vicit
1136 967 1191 1021 in
1230 966 1484 1022 omnibus
1512 984 1539 1039 ;⁹
1564 976 1620 1021 et
1645 966 1770 1036 quia
1801 981 1926 1035 pro-

343 1065 578 1134 positum
611 1063 800 1134 gratim
833 1060 930 1116 Dei
966 1075 1097 1131 erga
1128 1074 1296 1131 genus
1330 1059 1626 1115 humanum
1666 1059 1924 1126 ostendit,

346 1162 413 1211 ut
438 1154 553 1224 ipsa
583 1152 880 1224 primordia
910 1152 1117 1222 peccati
1150 1152 1479 1217 ostenderet,
1509 1151 1578 1206 ab
1599 1150 1773 1206 Adam
1811 1164 1928 1206 coe-

344 1245 444 1315 pit,
476 1245 567 1316 qui
597 1246 830 1317 primum
860 1244 1126 1314 peccavit,
1153 1243 1623 1313 utprovidentiam
1645 1243 1806 1297 unius
1836 1241 1928 1297 Dei

346 1351 443 1406 per
481 1353 646 1391 unum
685 1335 1011 1391 reformasse
1042 1336 1281 1401 doceret,
1315 1335 1457 1404 quod
1487 1349 1585 1404 per
1612 1348 1779 1388 unum
1817 1332 1931 1388 fue-

350 1439 434 1483 rat
477 1429 707 1499 lapsum,
744 1436 800 1483 et
837 1435 1071 1482 tractum
1114 1427 1168 1481 in
1210 1435 1460 1482 mortem.
1508 1423 1609 1480 Hic
1637 1440 1767 1497 ergo
1792 1440 1931 1480 unus

350 1529 451 1587 est,
482 1536 579 1591 per
609 1535 769 1590 quem
807 1520 1031 1586 salvati,
1065 1520 1206 1575 hanc
1250 1519 1327 1573 illi
1356 1520 1737 1584 reverentiam,
1769 1533 1931 1588 quam

353 1616 463 1669 Deo
514 1614 661 1669 Patri
686 1615 963 1680 debemus,
993 1613 1110 1684 ipso
1157 1612 1385 1668 volente.
1438 1612 1579 1667 Dicit
1615 1612 1759 1667 enim
1790 1612 1930 1667 idem

354 1706 459 1759 alio
489 1705 607 1761 loco
636 1705 814 1777 (Rom.
841 1706 954 1777 xxv)
978 1721 991 1756 ε
1028 1703 1130 1769 Qui
1166 1705 1221 1758 in
1240 1704 1321 1757 his
1348 1704 1501 1758 servit
1541 1702 1749 1758 Christo
1768 1744 1782 1768 ,
1814 1702 1933 1774 pla-

353 1808 428 1850 cet
453 1797 598 1863 Deo;
638 1813 762 1852 cum
790 1796 1050 1866 scriptum
1078 1797 1144 1849 sit
1177 1813 1194 1849 :
1237 1781 1518 1848 Dominum
1564 1794 1733 1849 Deum
1785 1803 1933 1847 tuum

2025 775 2196 842 illum,
2228 778 2296 830 ad
2317 790 2479 846 quem
2515 776 2754 832 dicitur:
2786 774 3066 849 Usquequo
3091 777 3315 832 inventa:
3349 786 3471 830 sunt
3502 774 3606 829 ini-

2023 865 2247 936 quitates
2290 865 2346 918 in
2386 873 2456 931 te,
2506 874 2555 919 et
2592 874 2803 936 propter
2849 867 2947 920 hoc
2991 866 3192 937 projeci
3230 875 3281 920 te
3318 865 3375 921 in
3412 874 3608 920 terram

2027 955 2243 1028 (Ezech.
2270 956 2451 1027 xvm).
2495 954 2661 1012 Nobis
2705 966 2885 1013 autem
2924 958 2991 1014 de
3028 959 3114 1015 his
3155 974 3265 1015 non
3303 942 3609 1031 e’sttutuin

2027 1046 2185 1116 plura
2213 1046 2502 1113 disserere,
2548 1047 2996 1125 cumjvideamus
3044 1050 3362 1120 Apostolum
3407 1050 3498 1104 vix
3544 1051 3612 1106 de

2030 1137 2256 1209 singulis
2301 1139 2417 1194 haec
2463 1139 2848 1209 perstrinxisse
2895 1143 3255 1209 sermonibus,
3304 1160 3397 1215 per
3445 1159 3610 1199 unum

2029 1231 2289 1286 hominem
2318 1241 2588 1302 peccatum
2624 1232 2854 1287 introivit
2888 1234 2947 1287 in
2980 1233 3116 1288 hunc
3139 1236 3416 1292 mundum.
3459 1236 3613 1292 Mun-

2032 1323 2134 1378 dus
2157 1331 2359 1389 autem,
2393 1332 2452 1377 ut
2477 1322 2736 1391 diximus,
2777 1324 3159 1396 intelligendus
3196 1335 3282 1383 est
3312 1328 3398 1382 vel
3437 1328 3589 1384 locus

2034 1413 2089 1467 in
2127 1428 2236 1484 quo
2268 1413 2517 1468 habitant
2549 1415 2817 1481 homines,
2848 1416 2933 1471 vel
2974 1425 3186 1472 terrena
3222 1425 3279 1472 et
3319 1420 3617 1489 corporalis

2033 1503 2166 1569 vita,
2193 1504 2248 1557 in
2277 1519 2382 1573 qua
2415 1519 2560 1560 mors
2589 1506 2753 1561 habet
2776 1507 2976 1574 locum,
3007 1507 3092 1564 cui
3122 1509 3347 1575 mundo,
3379 1509 3483 1565 hoc
3511 1519 3615 1577 est,

2036 1604 2266 1650 terrenae
2281 1596 2402 1651 vita:
2429 1596 2719 1654 cruciﬁxus
2741 1613 2801 1655 se
2830 1599 3017 1655 dicunt
3044 1602 3241 1668 sancti,
3267 1608 3324 1657 et
3351 1609 3615 1656 mortuos.

2037 1688 2106 1743 Et
2147 1707 2239 1761 per
2280 1701 2549 1760 peccatum
2580 1732 2595 1759 ,
2642 1693 2858 1764 inquit,
2910 1711 3099 1762 mors:
3153 1695 3242 1750 illa
3294 1696 3412 1751 sine
3459 1696 3622 1751 dubio

2000 1857 2005 1865 '
2038 1790 2204 1846 mors,
2224 1781 2291 1837 de
2319 1797 2425 1851 qua
2459 1791 2514 1838 et
2537 1783 2805 1854 Propheta
2836 1785 3132 1857 dicit,‘quia
3155 1787 3333 1841 anima
3356 1805 3474 1860 qua:
3497 1805 3621 1859 pec-

353 1888 686 1954 adorabis,et
709 1889 788 1942 illi
814 1888 912 1943 soli
930 1890 1117 1943 servies
1134 1888 1313 1961 (Deut.
1331 1891 1427 1961 v1).
1458 1889 1517 1944 Si
1544 1905 1674 1961 ergo
1704 1889 1802 1945 soli
1828 1890 1939 1944 Deo

2053 1873 2234 1927 caverit
2258 1875 2371 1945 ipsa
2399 1877 2671 1955 morietur.
2705 1875 2811 1933 Sed
2832 1878 3113 1933 videamus
3135 1880 3406 1948 quomodo
3432 1881 3489 1933 in
3514 1896 3627 1933 om-

355 1983 694 2036 serviendum
716 1981 864 2046 dicit,
897 1989 951 2036 et
975 1980 1191 2036 Christo
1217 1981 1421 2036 servire
1441 1983 1713 2052 praecepit,
1737 1981 1792 2035 in
1814 1982 1937 2036 uni-

357 2083 465 2129 tate
483 2075 576 2129 Dci
596 2084 680 2151 est
692 2066 959 2139 Christus,
974 2088 1076 2128 nec
1089 2073 1273 2142 dispar
1285 2081 1377 2127 aut
1388 2073 1524 2128 alter
1545 2073 1706 2139 Deus,
1724 2073 1941 2141 quando

357 2181 480 2220 cum
527 2166 626 2220 soli
657 2166 765 2220 Deo
812 2164 1155 2221 serviendum
1203 2163 1289 2219 lex
1335 2173 1675 2229 commonet,
1722 2162 1941 2218 Christo

357 2256 601 2311 serviens
668 2256 777 2311 Deo
812 2256 1030 2327 placere
1077 2255 1308 2309 dicatur.
1357 2251 1557 2325 (0rig.)
1588 2252 1697 2309 Pro
1735 2254 1943 2309 viribus

357 2357 777 2412 convertamur,
831 2356 887 2401 et
947 2346 1122 2415 primo
1181 2345 1461 2399 videamus
1529 2345 1800 2415 quomodo
1845 2359 1945 2414 per

357 2456 525 2495 unum
572 2441 844 2496 hominem
886 2448 1165 2511 peccatum
1212 2439 1457 2494 introivit
1507 2439 1558 2493 in
1601 2440 1944 2494 hunc'mun-

360 2530 510 2596 dum,
541 2539 598 2584 et
622 2546 723 2601 per
748 2538 1032 2600 peccatum
1066 2544 1233 2584 mors.
1282 2528 1554 2584 Fortassis
1581 2529 1728 2583 enim
1759 2528 1943 2597 requi-

358 2631 447 2678 rat
487 2621 710 2693 aliquis,
743 2622 787 2677 si
824 2630 951 2677 ante
981 2621 1152 2676 Adam
1195 2620 1391 2675 mulier
1428 2620 1695 2689 peccavit,
1738 2619 1806 2674 de
1841 2633 1946 2689 qua

366 2713 568 2770 dicitur
604 2713 731 2783 quia
764 2714 979 2768 seducta
1018 2714 1075 2767 in
1117 2712 1526 2783 prevaricatione
1569 2712 1711 2781 facta
1754 2721 1866 2776 est;
1894 2718 1950 2765 et

361 2820 582 2863 rursum
605 2815 733 2862 ante
760 2807 935 2876 ipsum
964 2806 1207 2877 peccavit
1238 2821 1497 2875 serpens;
1532 2804 1776 2876 peccavit
1801 2803 1947 2858 enim

368 2914 493 2954 cum
543 2899 680 2953 dixit
726 2898 940 2953 mulieri
968 2917 979 2952 :
1012 2896 1083 2951 Ut
1104 2903 1228 2969 quid
1275 2898 1372 2952 hoc
1407 2898 1540 2952 dixit
1569 2897 1731 2961 Deus,
1764 2904 1821 2950 ut
1845 2911 1950 2950 non

357 2992 696 3048 manducetis
724 2993 789 3047 de
826 2992 967 3047 omni
1008 2991 1150 3063 ligno
1191 2988 1469 3062 paradisi?
1506 3000 1563 3046 et
1591 2991 1788 3046 iterum
1819 3004 1948 3061 pec-

357 3084 530 3149 cavit,
568 3099 693 3138 cum
723 3081 865 3138 Deus
893 3084 1130 3149 dixerat,
1159 3084 1285 3153 quia
1328 3098 1636 3154 quacunque
1663 3082 1748 3135 die
1789 3098 1947 3135 man-

356 3174 680 3245 ducaueritis
713 3190 780 3228 ea:
810 3191 892 3240 eo,
918 3184 1089 3228 morte
1117 3174 1434 3239 moriemini,
1456 3181 1511 3227 et
1535 3172 1624 3227 ille
1651 3173 1855 3227 diceret
1882 3173 1950 3227 ad

2044 1978 2133 2017 nes
2157 1964 2391 2020 homiues
2420 1983 2512 2036 per
2533 1968 2740 2022 transiit
2766 1984 2927 2035 mors,
2957 1970 3016 2024 in
3055 1987 3159 2041 quo
3203 1988 3401 2038 omnes,
3427 1972 3622 2042 inquit,

2041 2067 2402 2127 peccaverunt.
2457 2058 2717 2115 Absoluta
2763 2062 3031 2117 sententia
3084 2066 3455 2134 pronuntiavit
3484 2065 3628 2136 Apo—

2045 2148 2216 2205 stolus
2249 2150 2302 2203 in
2334 2162 2525 2206 omnes
2547 2153 2794 2208 homines
2836 2164 3197 2224 pertransrsse
3237 2167 3467 2214 mortem
3504 2174 3629 2229 pec-

2045 2242 2153 2296 cati
2194 2243 2249 2296 in
2280 2258 2345 2298 eo
2396 2243 2451 2298 in
2477 2259 2585 2313 quo
2612 2260 2800 2301 omnes
2833 2258 3148 2317 peccarunt,
3183 2249 3327 2305 sicut
3370 2258 3427 2305 et
3462 2250 3622 2305 alibi:

2047 2336 2241 2392 Omnes
2275 2340 2412 2391 enim
2442 2352 2814 2409 peccaverunt,
2856 2352 2905 2396 et
2940 2352 3086 2413 egent
3122 2338 3295 2415 gratia
3328 2343 3426 2398 Dei
3449 2343 3626 2415 (Rom.

2047 2426 2153 2501 ιιι).
2186 2429 2253 2484 Ει
2280 2430 2401 2486 ideo
2426 2432 2639 2488 etiamsi
2664 2433 2799 2489 Abel
2841 2434 2990 2490 illum
3034 2435 3241 2505 justum
3270 2437 3495 2504 dixeris,
3524 2454 3631 2493 non

2047 2527 2225 2589 potest
2251 2523 2521 2578 excusari.
2561 2523 2669 2580 Sed
2700 2542 2805 2581 non
2828 2542 2966 2597 opus
2991 2538 3075 2584 est
3106 2545 3228 2585 cum
3256 2530 3460 2601 ingenti
3491 2532 3634 2601 peri-

2049 2611 2171 2667 culo
2212 2613 2267 2667 in
2291 2613 2375 2669 his
2414 2615 2653 2686 singulos
2679 2632 2925 2688 quosque
2951 2610 3273 2676 enumerare
3298 2631 3633 2687 sanctorum,

2049 2703 2421 2760 cum'sulliciat
2442 2719 2497 2761 et
2516 2708 2758 2776 Apostoli
2790 2713 3080 2779 sententia,
3105 2729 3224 2783 qua:
3256 2721 3483 2769 mortem
3505 2714 3636 2769 dicit

2049 2795 2106 2850 in
2132 2812 2321 2853 omnes
2349 2798 2596 2855 homines
2640 2799 3023 2870 pertransisse,
3068 2812 3124 2860 et
3152 2805 3297 2861 illius
3345 2807 3436 2875 qui
3465 2806 3632 2861 dixit:

2054 2883 2225 2939 Nemo
2264 2888 2493 2942 mundus
2539 2906 2571 2943 a
2616 2890 2769 2944 sorde
2810 2894 3016 2948 etiamsi
3044 2912 3181 2949 unus
3206 2897 3314 2951 diei
3341 2896 3498 2966 fuerit
3532 2897 3639 2950 vita

2050 2993 2184 3049 ejus.
2213 2978 2320 3034 Sed
2341 2981 2444 3036 ista
2467 2997 2611 3037 mors
2632 2986 2839 3053 peccati
2860 3001 2982 3055 quae
3008 2988 3064 3041 in
3084 3004 3273 3044 omnes
3296 2990 3636 3059 pertransiit,

2053 3088 2175 3129 cum
2204 3077 2437 3132 venisset
2476 3079 2541 3132 ad
2574 3078 2784 3147 Jesum,
2815 3074 2872 3137 et
2910 3091 3176 3139 tentasset
3212 3099 3335 3139 eum
3360 3085 3640 3156 perforare

2054 3164 2243 3221 aculeo
2271 3181 2369 3222 suo
2399 3167 2654 3240 (aculeus
2679 3172 2823 3225 enim
2852 3160 3044 3250 mortis
3073 3174 3394 3246 peccatum)
3430 3174 3641 3245 repulsa

356 3266 673 3332 mulierem,
701 3265 1050 3337 Nequaquam
1075 3275 1241 3320 morte
1273 3266 1588 3329 moriemini,
1620 3266 1711 3319 sed
1752 3264 1948 3319 sciebat

2053 3264 2156 3322 est,
2189 3265 2243 3312 et
2270 3257 2565 3314 confracta.
2604 3258 2735 3314 Vita
2771 3276 2915 3316 enim
2958 3272 3095 3329 erat,
3128 3273 3183 3320 et
3210 3280 3358 3320 mors
3392 3264 3641 3321 neCessa-

357 3358 551 3421 Deus,
602 3359 727 3427 quia
772 3372 1081 3428 quacunque
1130 3356 1215 3410 die
1271 3356 1714 3411 manducavcritis
1775 3371 1840 3409 ea:
1889 3371 1949 3409 eo

360 3449 673 3519 aperientur
715 3447 855 3501 oculi
900 3449 1056 3502 vestri
1082 3490 1098 3516 ,
1142 3457 1188 3501 et
1236 3448 1380 3500 eritis
1420 3448 1553 3500 sicut
1600 3446 1696 3510 dii,
1735 3446 1953 3499 scientes

365 3542 565 3595 bonum
593 3548 639 3592 et
664 3537 901 3603 malum;
945 3538 987 3592 si
1019 3540 1159 3608 ergo
1185 3545 1310 3591 ante
1334 3536 1505 3591 Adam
1536 3534 1731 3590 mulier
1758 3533 1952 3605 pecca-

369 3632 472 3695 vit,
506 3638 561 3684 et
586 3638 712 3684 ante
750 3628 1031 3682 mulierem
1076 3642 1321 3697 serpens,
1351 3634 1406 3681 et
1446 3627 1501 3679 in
1542 3625 1646 3679 alio
1675 3624 1795 3679 loco
1825 3623 1974 3679 dicit

367 3722 678 3794 Apostolus,
702 3721 827 3789 quia
850 3720 1019 3773 Adam
1046 3735 1149 3772 non
1183 3728 1257 3773 est
1278 3718 1543 3782 seductus,
1568 3715 1757 3771 mulier
1782 3724 1957 3769 autem

368 3814 587 3869 seducta
626 3821 701 3868 est
746 3810 800 3884 (Ι
828 3808 961 3864 Tim.
993 3811 1075 3882 ιι),
1122 3810 1389 3879 quomodo
1434 3824 1533 3878 per
1574 3823 1740 3863 unum
1786 3804 1958 3861 homi-

371 3919 522 3970 nem,
559 3914 617 3958 et
658 3918 763 3958 non
808 3902 993 3972 magis
1022 3916 1119 3972 per
1159 3916 1321 3955 unam
1371 3899 1655 3954 mulierem
1691 3896 1960 3952 videbitur

373 3998 630 4055 introisse
658 3997 979 4067 peccatum?
1002 3996 1049 4049 A
1071 3994 1295 4049 muliere
1315 3993 1460 4049 enim
1487 3992 1701 4047 initium
1728 3989 1957 4061 peccati,

373 4097 432 4145 et
459 4100 585 4144 ante
614 4088 895 4145 mulierem
930 4104 960 4142 a
986 4096 1255 4156 serpente,
1287 4085 1400 4140 sive
1430 4101 1459 4138 a
1490 4082 1724 4148 diabolo,
1762 4082 1828 4137 de
1855 4095 1962 4150 quo

376 4181 578 4238 dicitur
596 4181 661 4243 (in
682 4180 994 4252 Evangelio,
1024 4179 1148 4249 quia
1180 4176 1270 4232 ille
1296 4175 1558 4231 homicida
1586 4185 1696 4229 erat
1722 4174 1785 4227 ab
1810 4173 1960 4227 initio

378 4272 565 4350 (Joan.
590 4276 728 4347 νιιι).
759 4274 863 4330 Sed
893 4274 1014 4330 vide
1044 4275 1098 4328 in
1126 4273 1211 4329 his
1239 4271 1553 4342 Apostolum
1581 4278 1789 4325 naturae
1821 4268 1963 4331 ordi-

376 4354 506 4440 nem
543 4369 801 4432 tenuisse,
834 4375 890 4422 et
919 4366 1041 4420 ideo
1069 4364 1325 4435 quoniam
1356 4365 1422 4419 de
1451 4371 1675 4433 peccato
1705 4360 1963 4432 loqueba-

380 4446 503 4523 iur,
552 4475 616 4512 ea:
651 4475 753 4529 quo
792 4474 934 4511 mors
975 4457 1027 4510 in
1060 4472 1236 4510 omnes
1283 4456 1516 4509 homines
1554 4454 1962 4525 pet-transierat,

382 4544 785 4604 Successionem
817 4546 1152 4615 posteritatis
1182 4546 1452 4610 humanae,
1486 4559 1607 4613 qua:
1648 4544 1774 4597 huic
1804 4540 1965 4597 morti

2057 3347 2139 3401 rio
2171 3348 2638 3405 exterminabatur
2661 3366 2692 3404 a
2720 3350 2858 3417 vita;
2913 3362 2967 3408 et
2997 3361 3123 3409 tunc
3162 3356 3230 3409 ad
3258 3369 3378 3410 eam
3408 3355 3638 3411 dicitur:

2059 3431 2160 3487 Ubi
2189 3444 2262 3488 est
2294 3450 2434 3491 mors
2474 3438 2689 3493 aculeus
2714 3450 2856 3506 tuus,
2884 3442 2972 3495 ubi
3002 3452 3078 3496 est
3098 3459 3238 3498 mors
3270 3438 3485 3499 victoria
3512 3447 3647 3500 tua?

2059 3521 2109 3593 (1
2136 3522 2259 3577 Cor.
2286 3528 2404 3595 xv.)
2449 3528 2655 3583 Idcirco
2697 3530 2844 3584 enim
2890 3532 3039 3601 quia
3076 3547 3236 3588 omne
3277 3535 3499 3602 vicerat,
3558 3535 3645 3591 hic

2058 3615 2257 3671 dicitur
2296 3619 2364 3672 ad
2407 3632 2550 3685 eam,
2595 3617 2694 3673 Ubi
2734 3630 2810 3675 est
2852 3639 2994 3677 mors
3034 3625 3248 3679 victoria
3290 3626 3421 3680 tua?
3448 3624 3557 3684 Sed
3591 3638 3648 3682 et

2060 3710 2202 3778 quod
2228 3718 2499 3779 peccatum
2527 3712 2743 3780 quidem
2776 3728 2883 3769 non
2907 3713 3043 3769 dixit
3078 3713 3132 3768 in
3158 3729 3347 3771 omnes
3377 3717 3644 3783 homines,

2063 3800 2158 3854 sed
2186 3800 2243 3853 in
2268 3801 2521 3854 mundum
2553 3802 2837 3869 introisse,
2857 3813 3086 3860 mortem
3114 3798 3242 3860 vero
3273 3822 3378 3860 non
3410 3808 3465 3862 in
3492 3824 3648 3863 mun-

2063 3892 2211 3957 dum,
2230 3891 2326 3946 sed
2352 3892 2409 3945 in
2432 3908 2609 3947 omnes
2631 3893 2888 3960 homines,
2910 3905 2965 3950 et
2984 3911 3089 3951 non
3122 3895 3396 3971 introisse,
3412 3894 3507 3953 sed
3533 3915 3651 3968 per-

2063 3984 2329 4046 transisse,
2386 3998 2491 4039 non
2532 3994 2662 4054 puto
2689 4000 2719 4052 ,ί
2745 3986 2895 4057 quod
2941 3986 3144 4043 frustra
3190 3989 3305 4045 hac
3337 3989 3650 4045 diversitate

2064 4091 2194 4131 usus
2219 4076 2290 4131 sit
2306 4075 2524 4142 Paulus,
2554 4076 2788 4132 arbitror
2822 4080 2967 4148 quod
2992 4069 3251 4135 mundum
3286 4080 3375 4136 hic
3405 4090 3651 4137 terrenos

2065 4182 2331 4238 quosque,
2368 4177 2424 4225 et
2459 4168 2512 4223 in
2548 4159 3214 4227 terrenal‘conversatione
3242 4174 3651 4242 permanentem

2067 4252 2347 4331 designet:
2383 4260 2629 4315 homines
2657 4274 2785 4316 vero
2813 4275 2908 4317 eos
2938 4262 3106 4328 dicat,
3145 4264 3238 4333 qui
3265 4263 3378 4332 jam
3418 4278 3477 4319 se
3519 4265 3654 4320 inci-

2066 4355 2179 4425 piat
2210 4370 2524 4427 agnoscere,
2552 4364 2609 4411 et
2636 4356 2797 4421 scire,
2822 4354 2965 4426 quod
2994 4356 3061 4412 ad
3090 4357 3380 4427 imaginem
3407 4358 3502 4413 Dei
3526 4357 3654 4413 laeti

2068 4448 2214 4504 'Sunt.
2246 4448 2454 4504 ln'illos
2487 4464 2617 4522 ergo
2654 4449 2744 4519 qui
2787 4444 3419 4520 mundus'appeilantur,‘
3454 4446 3507 4505 id
3549 4456 3654 4515 est,

2024 4578 2033 4597 ι
2070 4551 2335 4608 terrenos,
2370 4542 2603 4596 intrasse
2643 4541 2773 4595 dicit
2811 4532 3116 4611 peccatum,
3148 4552 3201 4597 et
3238 4544 3501 4612 nusquam
3538 4556 3657 4597 esse

383 4624 671 4721 succubuit
698 4656 761 4693 ex
799 4648 1023 4710 peccato
1048 4637 1305 4702 venienti,
1335 4630 1440 4691 nun
1484 4630 1966 4710 mulieriascrihit,
2073 4637 2276 4719 exitum
2302 4637 2485 4706 ponit;
2510 4635 2564 4689 in
2589 4648 2683 4689 eos
2710 4650 2860 4707 vero,
2885 4640 3021 4705 quos
3037 4634 3152 4703 jam
3180 4630 3561 4690 hominesivult
3583 4635 3660 4688 in-

385 4718 482 4789 s'ed
515 4718 652 4786 viro.
680 4731 799 4786 Non
835 4731 979 4786 enim
1028 4746 1093 4785 ex
1140 4729 1366 4784 muliere
1407 4728 1719 4799 posteritas,
1756 4722 1858 4782 ‘sed
1900 4741 1966 4781 ex

384 4808 505 4880 viro
534 4806 860 4886 nominatur,
906 4823 1045 4877 sicut
1073 4830 1127 4876 et
1152 4821 1265 4889 ipse
1289 4820 1578 4891 Apostolus
1608 4816 1662 4872 in
1690 4814 1809 4873 aliis
1838 4806 1970 4874 dicit

388 4908 442 4991 (I
465 4913 588 4971 Cor.
615 4915 692 4985 in)
719 4932 731 4967 :
767 4911 892 4967 Non
918 4914 1055 4967 enim
1096 4921 1171 4967 est
1211 4914 1290 4966 vir
1313 4929 1377 4967 ea:
1391 4911 1629 4975 muliere,
1668 4909 1759 4964 sed
1782 4910 1971 4985 mulier

388 4994 452 5065 ea:
486 5009 631 5073 viro;
680 5014 735 5061 et
777 5005 998 5069 iterum,
1027 4998 1173 5058 Sicut
1214 5004 1352 5058 enim
1392 5004 1581 5057 mulier
1617 5018 1682 5058 ex
1722 5004 1851 5067 viro,
1893 5002 1969 5056 ita

388 5114 435 5158 et
462 5098 540 5155 vir
565 5115 669 5153 non
700 5112 764 5152 eo:
798 5096 1037 5162 muliere,
1068 5095 1158 5150 sed
1186 5086 1279 5165 per
1316 5094 1584 5149 mulierem
1611 5110 1629 5149 :
1661 5102 1715 5149 et
1754 5082 1844 5167 ob;
1864 5094 1969 5150 hoc

391 5168 637 5250 mortalis
658 5192 968 5264 posteritas,
998 5199 1054 5244 et
1081 5187 1380 5262 corporalis
1406 5189 1700 5257 successio,
1726 5187 1846 5243 viro
1874 5202 1971 5259 po-

393 5268 501 5338 tius
536 5293 793 5356 tanquam
856 5281 1086 5349 auctori,
1134 5290 1189 5337 et
1235 5297 1341 5335 non
1391 5268 1603 5335 mulieri
1658 5281 1968 5351 deputatur.

359 5387 363 5391 '
394 5374 631 5455 Require
659 5391 790 5431 sane
817 5376 1087 5447 quomodo
1112 5389 1209 5447 per
1236 5390 1403 5429 unum
1431 5374 1707 5431 hominem
1745 5375 1799 5429 in
1829 5375 1973 5432 hunc

396 5466 654 5549 mundum
699 5467 831 5522 dicit
875 5469 1130 5524 introisse
1173 5476 1480 5539 peccatum,
1519 5474 1574 5522 et
1607 5475 1817 5522 certum
1868 5475 1972 5532 est,

397 5557 539 5628 quod
566 5558 657 5612 hic
682 5559 939 5637 mundum
970 5568 1244 5617 terrenum
1272 5560 1416 5615 hunc
1440 5559 1671 5631 appellet
1694 5559 1891 5625 locum,
1920 5559 1975 5614 in

400 5671 506 5725 quo
550 5655 795 5712 homines
824 5657 1089 5725 habitant,
1120 5660 1167 5714 si
1205 5660 1260 5714 in
1288 5659 1434 5716 nullo
1464 5659 1567 5714 alio
1586 5659 1706 5716 loco
1736 5658 1980 5714 introivit

399 5755 701 5827 peccatum,
724 5765 899 5821 neque
920 5751 973 5804 in
1000 5751 1105 5835 illis
1125 5750 1258 5807 locis
1280 5752 1572 5819 invenitur,
1600 5751 1691 5807 ubi
1713 5748 1978 5839 spiritalia

400 5840 651 5911 nequitiae
699 5842 756 5900 in
792 5843 1114 5902 coelestibus
1165 5844 1551 5914 nominantur;
1605 5845 1702 5906 sed
1749 5852 1805 5902 et
1845 5840 1979 5902 illud

2073 4714 2258 4799 ielligi,
2309 4726 2439 4782 dicit
2482 4724 2842 4796 pertransisse
2891 4722 3197 4795 peccatum,
3242 4726 3295 4781 id
3343 4724 3448 4791 est,
3489 4714 3660 4779 fuisse

2070 4820 2309 4893 quidem,
2341 4819 2435 4875 sed
2460 4834 2560 4889 per
2586 4810 2966 4889 paenitentiam
2987 4814 3357 4873 conversionis
3380 4814 3658 4887 depulsum

2072 4927 2215 4978 esse,
2249 4920 2305 4967 et
2334 4912 2696 4984 pertransisse
2730 4906 2832 4966 nec
2861 4906 3004 4966 ultra
3044 4906 3099 4965 in
3131 4911 3211 4966 eis
3240 4910 3476 4966 stetisse.
3507 4909 3662 4966 Unde

2073 5011 2298 5075 apparet
2337 5003 2393 5058 in
2430 5001 2626 5058 litteris
2659 5001 2914 5058 Pauli‘ne
2944 4996 3106 5057 Unam
3142 5000 3358 5072 quidem
3399 4999 3660 5074 syllabam

2076 5098 2302 5150 vacuam
2331 5094 2520 5150 sentiri
2557 5094 3085 5165 deb'ere‘mysteriis.
3132 5092 3361 5166 (Arnim)
3389 5093 3534 5149 Mors
3561 5104 3661 5148 au-

2076 5184 2199 5243 tem'
2231 5187 2513 5244 dissolutio
2558 5187 2811 5258 corporis
2848 5195 2952 5254 est,
2984 5202 3107 5243 cum
3153 5182 3331 5242 anima
3379 5184 3408 5242 a
3436 5200 3664 5259 corpore

2076 5289 2378 5351 Separatur.
2412 5280 2508 5335 Est
2536 5287 2591 5334 et
2618 5278 2723 5333 alia
2756 5278 2924 5345 mors,
2953 5294 3075 5349 qua:
3100 5272 3340 5333 secunda
3366 5278 3580 5343 dicitur,
3608 5278 3664 5331 in

2077 5375 2320 5455 gehenna
2340 5414 2355 5440 ,
2385 5389 2546 5444 quam
2585 5374 2701 5428 non
2723 5367 2947 5445 peccato
2975 5372 3104 5428 Adae
3130 5373 3385 5443 patimur,
3414 5373 3509 5428 sed
3548 5369 3666 5440 'ejus

2080 5467 2371 5522 oecasione
2413 5464 2650 5536 propriis
2690 5462 2933 5535 peccatis
2979 5464 3300 5535 acquiritur,
3324 5470 3378 5519 'a
3403 5479 3510 5535 qua
3535 5463 3665 5519 boni

2082 5557 2352 5611 immunes
2382 5564 2529 5622 sunt,
2564 5564 2772 5611 tantum
2795 5554 2936 5626 quod
2962 5554 3016 5611 in
3039 5554 3250 5612 inferno
3272 5563 3451 5621 erant,
3468 5554 3560 5610 sed
3575 5564 3664 5609 su-

2082 5648 2285 5720 periori
2301 5649 2456 5720 quasi
2479 5649 2531 5704 in
2560 5647 2727 5705 libera
2760 5644 3069 5723 [custodia],
3095 5648 3187 5721 qui
3200 5648 3267 5705 ad
3289 5646 3457 5705 caelos
3472 5661 3663 5705 ascen-

2083 5739 2212 5821 deire
2236 5756 2343 5798 non
2363 5750 2635 5823 poterant.
2655 5743 2934 5801 Sententia
2951 5743 3453 5802 enim'tenebantur
3465 5742 3590 5797 data
3611 5742 3665 5795 in

2082 5826 2276 5906 Adam,
2290 5837 2440 5909 quod
2472 5832 2889 5912 chirographum
2916 5836 2970 5896 in
2993 5833 3243 5895 deet'etis'
3257 5840 3435 5894 morte
3451 5834 3665 5893 Christi
