  <div class='ocr_page' id='page_1' title='image "/cluster/home/n/w/nwhite01/storage/ocr_20150623/111/hvd.32044009716333/697.png"; bbox 0 0 4056 6336; ppageno 0'>
   <div class='ocr_carea' id='block_1_1' title="bbox 400 327 540 394">
    <p class='ocr_par' dir='ltr' id='par_1_1' title="bbox 400 327 540 394">
     <span class='ocr_line' id='line_1_1' title="bbox 400 327 540 394; baseline -0.029 0"><span class='ocrx_word' id='word_1_1' title='bbox 400 327 540 394; x_wconf 74' lang='grc'><strong>15¹79</strong></span> 
     </span>
    </p>
   </div>
   <div class='ocr_carea' id='block_1_2' title="bbox 1066 302 3043 380">
    <p class='ocr_par' dir='ltr' id='par_1_2' title="bbox 1066 302 3043 380">
     <span class='ocr_line' id='line_1_2' title="bbox 1066 302 3043 380; baseline -0.011 0"><span class='ocrx_word' id='word_1_2' title='bbox 1066 313 1130 380; x_wconf 74' lang='grc' dir='ltr'><strong>Β.</strong></span> <span class='ocrx_word' id='word_1_3' title='bbox 1169 319 1425 379; x_wconf 75' lang='lat' dir='ltr'><strong>RABANI</strong></span> <span class='ocrx_word' id='word_1_4' title='bbox 1461 316 1684 376; x_wconf 79' lang='lat' dir='ltr'><strong>MAURI</strong></span> <span class='ocrx_word' id='word_1_5' title='bbox 1718 311 2037 373; x_wconf 82' lang='lat' dir='ltr'><strong>ARCHIEP.</strong></span> <span class='ocrx_word' id='word_1_6' title='bbox 2074 310 2382 370; x_wconf 78' lang='lat' dir='ltr'><strong>MOGUNT.</strong></span> <span class='ocrx_word' id='word_1_7' title='bbox 2417 305 2705 367; x_wconf 72' lang='lat' dir='ltr'><strong>OPERUM</strong></span> <span class='ocrx_word' id='word_1_8' title='bbox 2739 303 2920 361; x_wconf 82' lang='lat' dir='ltr'><strong>PARS</strong></span> <span class='ocrx_word' id='word_1_9' title='bbox 2952 302 3043 360; x_wconf 84' lang='grc' dir='ltr'>ιιι.</span> 
     </span>
    </p>
   </div>
   <div class='ocr_carea' id='block_1_3' title="bbox 3524 300 3736 353">
    <p class='ocr_par' dir='ltr' id='par_1_3' title="bbox 3524 300 3736 353">
     <span class='ocr_line' id='line_1_3' title="bbox 3524 300 3736 353; baseline -0.009 0"><span class='ocrx_word' id='word_1_10' title='bbox 3524 300 3736 353; x_wconf 65' lang='grc' dir='ltr'><strong>ιδδυ</strong></span> 
     </span>
    </p>
   </div>
   <div class='ocr_carea' id='block_1_4' title="bbox 398 415 3741 507">
    <p class='ocr_par' dir='ltr' id='par_1_4' title="bbox 398 415 3741 507">
     <span class='ocr_line' id='line_1_4' title="bbox 398 415 3741 507; baseline -0.012 -2"><span class='ocrx_word' id='word_1_11' title='bbox 398 450 635 507; x_wconf 86' lang='lat' dir='ltr'><strong>deletum</strong></span> <span class='ocrx_word' id='word_1_12' title='bbox 662 451 765 501; x_wconf 91' lang='lat' dir='ltr'><strong>est.</strong></span> <span class='ocrx_word' id='word_1_13' title='bbox 790 439 1086 497; x_wconf 67' lang='lat' dir='ltr'><strong>Sententiae</strong></span> <span class='ocrx_word' id='word_1_14' title='bbox 1124 446 1305 493; x_wconf 89' lang='lat' dir='ltr'><strong>autem</strong></span> <span class='ocrx_word' id='word_1_15' title='bbox 1330 435 1535 491; x_wconf 93' lang='lat' dir='ltr'><strong>decreti</strong></span> <span class='ocrx_word' id='word_1_16' title='bbox 1562 442 1708 498; x_wconf 87' lang='lat' dir='ltr'><strong>sunt,</strong></span> <span class='ocrx_word' id='word_1_17' title='bbox 1739 439 1798 486; x_wconf 89' lang='lat' dir='ltr'><strong>ut</strong></span> <span class='ocrx_word' id='word_1_18' title='bbox 1816 430 1978 485; x_wconf 88' lang='lat' dir='ltr'><strong>unius</strong></span> <span class='ocrx_word' id='word_1_19' title='bbox 2006 435 2057 496; x_wconf 75' lang='grc' dir='ltr'>Α</span> <span class='ocrx_word' id='word_1_20' title='bbox 2082 430 2284 485; x_wconf 83' lang='lat' dir='ltr'><strong>homini</strong></span> <span class='ocrx_word' id='word_1_21' title='bbox 2322 426 2539 484; x_wconf 89' lang='lat' dir='ltr'><strong>habenti</strong></span> <span class='ocrx_word' id='word_1_22' title='bbox 2574 424 2822 481; x_wconf 74' lang='lat' dir='ltr'><strong>notitiam</strong></span> <span class='ocrx_word' id='word_1_23' title='bbox 2857 420 3139 486; x_wconf 83' lang='lat' dir='ltr'><strong>creatoris,</strong></span> <span class='ocrx_word' id='word_1_24' title='bbox 3166 418 3332 474; x_wconf 85' lang='lat' dir='ltr'><strong>vitam</strong></span> <span class='ocrx_word' id='word_1_25' title='bbox 3358 430 3520 472; x_wconf 88' lang='lat' dir='ltr'><strong>suam</strong></span> <span class='ocrx_word' id='word_1_26' title='bbox 3556 415 3741 485; x_wconf 71' lang='lat' dir='ltr'><strong>lege</strong></span> 
     </span>
    </p>
   </div>
   <div class='ocr_carea' id='block_1_5' title="bbox 398 524 1980 603">
    <p class='ocr_par' dir='ltr' id='par_1_5' title="bbox 398 524 1980 603">
     <span class='ocr_line' id='line_1_5' title="bbox 398 524 1980 603; baseline -0.013 -7"><span class='ocrx_word' id='word_1_27' title='bbox 398 538 633 596; x_wconf 80' lang='lat' dir='ltr'><strong>hominis</strong></span> <span class='ocrx_word' id='word_1_28' title='bbox 658 549 853 603; x_wconf 88' lang='lat' dir='ltr'><strong>corpus</strong></span> <span class='ocrx_word' id='word_1_29' title='bbox 884 531 1183 589; x_wconf 85' lang='lat' dir='ltr'><strong>solveretur</strong></span> <span class='ocrx_word' id='word_1_30' title='bbox 1210 544 1371 598; x_wconf 83' lang='lat' dir='ltr'><strong>super</strong></span> <span class='ocrx_word' id='word_1_31' title='bbox 1399 537 1620 590; x_wconf 84' lang='lat' dir='ltr'><strong>terram,</strong></span> <span class='ocrx_word' id='word_1_32' title='bbox 1649 524 1827 579; x_wconf 84' lang='lat' dir='ltr'><strong>anima</strong></span> <span class='ocrx_word' id='word_1_33' title='bbox 1853 538 1980 589; x_wconf 75' lang='lat' dir='ltr'><strong>vero</strong></span> 
     </span>
    </p>
   </div>
   <div class='ocr_carea' id='block_1_6' title="bbox 396 622 1621 690">
    <p class='ocr_par' dir='ltr' id='par_1_6' title="bbox 396 622 1621 690">
     <span class='ocr_line' id='line_1_6' title="bbox 396 622 1621 690; baseline -0.013 -3"><span class='ocrx_word' id='word_1_34' title='bbox 396 631 628 687; x_wconf 80' lang='lat' dir='ltr'><strong>vinculis</strong></span> <span class='ocrx_word' id='word_1_35' title='bbox 658 627 852 681; x_wconf 79' lang='lat' dir='ltr'><strong>inferni</strong></span> <span class='ocrx_word' id='word_1_36' title='bbox 882 625 1101 679; x_wconf 88' lang='lat' dir='ltr'><strong>detenta</strong></span> <span class='ocrx_word' id='word_1_37' title='bbox 1130 622 1294 677; x_wconf 82' lang='lat' dir='ltr'><strong>exitia</strong></span> <span class='ocrx_word' id='word_1_38' title='bbox 1325 627 1621 690; x_wconf 83' lang='lat' dir='ltr'><strong>pateretur.</strong></span> 
     </span>
    </p>
   </div>
   <div class='ocr_carea' id='block_1_7' title="bbox 470 705 1981 791">
    <p class='ocr_par' dir='ltr' id='par_1_7' title="bbox 470 705 1981 791">
     <span class='ocr_line' id='line_1_7' title="bbox 470 705 1981 791; baseline -0.012 -17"><span class='ocrx_word' id='word_1_39' title='bbox 470 719 643 791; x_wconf 84' lang='lat' dir='ltr'><strong>Usque</strong></span> <span class='ocrx_word' id='word_1_40' title='bbox 665 718 732 772; x_wconf 86' lang='lat' dir='ltr'><strong>ad</strong></span> <span class='ocrx_word' id='word_1_41' title='bbox 756 718 919 787; x_wconf 83' lang='lat' dir='ltr'><strong>legem</strong></span> <span class='ocrx_word' id='word_1_42' title='bbox 952 715 1089 768; x_wconf 84' lang='lat' dir='ltr'><strong>enim</strong></span> <span class='ocrx_word' id='word_1_43' title='bbox 1112 723 1380 783; x_wconf 77' lang='lat' dir='ltr'><strong>peccatum</strong></span> <span class='ocrx_word' id='word_1_44' title='bbox 1408 718 1520 765; x_wconf 86' lang='lat' dir='ltr'><strong>erat</strong></span> <span class='ocrx_word' id='word_1_45' title='bbox 1553 709 1608 761; x_wconf 81' lang='lat' dir='ltr'><strong>in</strong></span> <span class='ocrx_word' id='word_1_46' title='bbox 1632 709 1730 760; x_wconf 82' lang='lat' dir='ltr'><strong>hoc</strong></span> <span class='ocrx_word' id='word_1_47' title='bbox 1751 705 1981 759; x_wconf 71' lang='lat' dir='ltr'><strong>mundo:</strong></span> 
     </span>
    </p>
   </div>
   <div class='ocr_carea' id='block_1_8' title="bbox 395 799 1979 883">
    <p class='ocr_par' dir='ltr' id='par_1_8' title="bbox 395 799 1979 883">
     <span class='ocr_line' id='line_1_8' title="bbox 395 799 1979 883; baseline -0.011 -17"><span class='ocrx_word' id='word_1_48' title='bbox 395 822 662 883; x_wconf 81' lang='lat' dir='ltr'><strong>peccatum</strong></span> <span class='ocrx_word' id='word_1_49' title='bbox 697 820 874 862; x_wconf 82' lang='lat' dir='ltr'><strong>autent</strong></span> <span class='ocrx_word' id='word_1_50' title='bbox 908 822 1010 860; x_wconf 87' lang='lat' dir='ltr'><strong>non</strong></span> <span class='ocrx_word' id='word_1_51' title='bbox 1047 804 1403 874; x_wconf 83' lang='lat' dir='ltr'><strong>impntabatur</strong></span> <span class='ocrx_word' id='word_1_52' title='bbox 1434 817 1550 854; x_wconf 81' lang='lat' dir='ltr'><strong>cum</strong></span> <span class='ocrx_word' id='word_1_53' title='bbox 1585 799 1669 853; x_wconf 67' lang='lat' dir='ltr'><strong>(ex</strong></span> <span class='ocrx_word' id='word_1_54' title='bbox 1693 814 1797 852; x_wconf 82' lang='lat' dir='ltr'><strong>non</strong></span> <span class='ocrx_word' id='word_1_55' title='bbox 1826 806 1979 851; x_wconf 82' lang='lat' dir='ltr'><strong>esset.</strong></span> 
     </span>
    </p>
   </div>
   <div class='ocr_carea' id='block_1_9' title="bbox 399 891 1982 976">
    <p class='ocr_par' dir='ltr' id='par_1_9' title="bbox 399 891 1982 976">
     <span class='ocr_line' id='line_1_9' title="bbox 399 891 1982 976; baseline -0.011 -18"><span class='ocrx_word' id='word_1_56' title='bbox 399 902 582 976; x_wconf 81' lang='lat' dir='ltr'><strong>(Aug.)</strong></span> <span class='ocrx_word' id='word_1_57' title='bbox 605 900 779 968; x_wconf 85' lang='lat' dir='ltr'><strong>.Quod</strong></span> <span class='ocrx_word' id='word_1_58' title='bbox 806 909 987 953; x_wconf 84' lang='lat' dir='ltr'><strong>autem</strong></span> <span class='ocrx_word' id='word_1_59' title='bbox 1022 896 1115 959; x_wconf 88' lang='lat' dir='ltr'><strong>ait,</strong></span> <span class='ocrx_word' id='word_1_60' title='bbox 1143 911 1303 965; x_wconf 77' lang='lat' dir='ltr'><strong>usque</strong></span> <span class='ocrx_word' id='word_1_61' title='bbox 1336 893 1405 947; x_wconf 85' lang='lat' dir='ltr'><strong>ad</strong></span> <span class='ocrx_word' id='word_1_62' title='bbox 1428 891 1590 963; x_wconf 80' lang='lat' dir='ltr'><strong>legem</strong></span> <span class='ocrx_word' id='word_1_63' title='bbox 1625 892 1763 945; x_wconf 86' lang='lat' dir='ltr'><strong>enim</strong></span> <span class='ocrx_word' id='word_1_64' title='bbox 1801 903 1982 959; x_wconf 82' lang='lat' dir='ltr'><strong>pecca-</strong></span> 
     </span>
    </p>
   </div>
   <div class='ocr_carea' id='block_1_10' title="bbox 398 986 1982 1061">
    <p class='ocr_par' dir='ltr' id='par_1_10' title="bbox 398 986 1982 1061">
     <span class='ocr_line' id='line_1_10' title="bbox 398 986 1982 1061; baseline -0.01 -12"><span class='ocrx_word' id='word_1_65' title='bbox 398 1005 509 1049; x_wconf 84' lang='lat' dir='ltr'><strong>tum</strong></span> <span class='ocrx_word' id='word_1_66' title='bbox 545 994 601 1049; x_wconf 82' lang='lat' dir='ltr'><strong>in</strong></span> <span class='ocrx_word' id='word_1_67' title='bbox 634 990 831 1046; x_wconf 77' lang='lat' dir='ltr'><strong>mundo</strong></span> <span class='ocrx_word' id='word_1_68' title='bbox 855 990 975 1061; x_wconf 74' lang='lat' dir='ltr'><strong>fuit,</strong></span> <span class='ocrx_word' id='word_1_69' title='bbox 1006 986 1409 1057; x_wconf 76' lang='lat' dir='ltr'><strong>intelligendum</strong></span> <span class='ocrx_word' id='word_1_70' title='bbox 1444 994 1549 1049; x_wconf 89' lang='lat' dir='ltr'><strong>est,</strong></span> <span class='ocrx_word' id='word_1_71' title='bbox 1577 995 1859 1053; x_wconf 84' lang='lat' dir='ltr'><strong>quousque</strong></span> <span class='ocrx_word' id='word_1_72' title='bbox 1890 994 1982 1034; x_wconf 86' lang='lat' dir='ltr'><strong>ve-</strong></span> 
     </span>
    </p>
   </div>
   <div class='ocr_carea' id='block_1_11' title="bbox 399 1074 1986 1155">
    <p class='ocr_par' dir='ltr' id='par_1_11' title="bbox 399 1074 1986 1155">
     <span class='ocr_line' id='line_1_11' title="bbox 399 1074 1986 1155; baseline -0.011 -13"><span class='ocrx_word' id='word_1_73' title='bbox 399 1086 544 1142; x_wconf 88' lang='lat' dir='ltr'><strong>niret</strong></span> <span class='ocrx_word' id='word_1_74' title='bbox 579 1084 785 1155; x_wconf 85' lang='lat' dir='ltr'><strong>gratia;</strong></span> <span class='ocrx_word' id='word_1_75' title='bbox 832 1090 1020 1137; x_wconf 90' lang='lat' dir='ltr'><strong>contra</strong></span> <span class='ocrx_word' id='word_1_76' title='bbox 1051 1095 1145 1135; x_wconf 89' lang='lat' dir='ltr'><strong>eos</strong></span> <span class='ocrx_word' id='word_1_77' title='bbox 1170 1079 1373 1134; x_wconf 86' lang='lat' dir='ltr'><strong>dictum</strong></span> <span class='ocrx_word' id='word_1_78' title='bbox 1402 1085 1505 1141; x_wconf 85' lang='lat' dir='ltr'><strong>est,</strong></span> <span class='ocrx_word' id='word_1_79' title='bbox 1530 1076 1622 1145; x_wconf 87' lang='lat' dir='ltr'><strong>qui</strong></span> <span class='ocrx_word' id='word_1_80' title='bbox 1649 1074 1986 1129; x_wconf 81' lang='lat' dir='ltr'><strong>arbitrantur</strong></span> 
     </span>
    </p>
   </div>
   <div class='ocr_carea' id='block_1_12' title="bbox 396 1165 1984 1250">
    <p class='ocr_par' dir='ltr' id='par_1_12' title="bbox 396 1165 1984 1250">
     <span class='ocr_line' id='line_1_12' title="bbox 396 1165 1984 1250; baseline -0.009 -18"><span class='ocrx_word' id='word_1_81' title='bbox 396 1192 495 1250; x_wconf 89' lang='lat' dir='ltr'><strong>per</strong></span> <span class='ocrx_word' id='word_1_82' title='bbox 518 1177 689 1248; x_wconf 88' lang='lat' dir='ltr'><strong>legem</strong></span> <span class='ocrx_word' id='word_1_83' title='bbox 711 1173 911 1228; x_wconf 80' lang='lat' dir='ltr'><strong>auferri</strong></span> <span class='ocrx_word' id='word_1_84' title='bbox 932 1172 1173 1242; x_wconf 86' lang='lat' dir='ltr'><strong>potuisse</strong></span> <span class='ocrx_word' id='word_1_85' title='bbox 1200 1176 1438 1242; x_wconf 83' lang='lat' dir='ltr'><strong>peccata.</strong></span> <span class='ocrx_word' id='word_1_86' title='bbox 1467 1169 1608 1224; x_wconf 90' lang='lat' dir='ltr'><strong>Dicit</strong></span> <span class='ocrx_word' id='word_1_87' title='bbox 1634 1175 1816 1222; x_wconf 88' lang='lat' dir='ltr'><strong>autem</strong></span> <span class='ocrx_word' id='word_1_88' title='bbox 1840 1165 1984 1235; x_wconf 86' lang='lat' dir='ltr'><strong>Apo-</strong></span> 
     </span>
    </p>
   </div>
   <div class='ocr_carea' id='block_1_13' title="bbox 398 1260 1983 1333">
    <p class='ocr_par' dir='ltr' id='par_1_13' title="bbox 398 1260 1983 1333">
     <span class='ocr_line' id='line_1_13' title="bbox 398 1260 1983 1333; baseline -0.008 -9"><span class='ocrx_word' id='word_1_89' title='bbox 398 1267 570 1324; x_wconf 86' lang='lat' dir='ltr'><strong>stolus</strong></span> <span class='ocrx_word' id='word_1_90' title='bbox 597 1264 884 1321; x_wconf 80' lang='lat' dir='ltr'><strong>manifesta</strong></span> <span class='ocrx_word' id='word_1_91' title='bbox 909 1278 1032 1321; x_wconf 89' lang='lat' dir='ltr'><strong>esse</strong></span> <span class='ocrx_word' id='word_1_92' title='bbox 1056 1271 1279 1333; x_wconf 87' lang='lat' dir='ltr'><strong>peccata</strong></span> <span class='ocrx_word' id='word_1_93' title='bbox 1304 1276 1403 1332; x_wconf 86' lang='lat' dir='ltr'><strong>per</strong></span> <span class='ocrx_word' id='word_1_94' title='bbox 1436 1260 1631 1331; x_wconf 85' lang='lat' dir='ltr'><strong>legem,</strong></span> <span class='ocrx_word' id='word_1_95' title='bbox 1664 1274 1772 1315; x_wconf 93' lang='lat' dir='ltr'><strong>non</strong></span> <span class='ocrx_word' id='word_1_96' title='bbox 1798 1264 1983 1313; x_wconf 87' lang='lat' dir='ltr'><strong>autem</strong></span> 
     </span>
    </p>
   </div>
   <div class='ocr_carea' id='block_1_14' title="bbox 397 1350 1980 1428">
    <p class='ocr_par' dir='ltr' id='par_1_14' title="bbox 397 1350 1980 1428">
     <span class='ocr_line' id='line_1_14' title="bbox 397 1350 1980 1428; baseline -0.008 -13"><span class='ocrx_word' id='word_1_97' title='bbox 397 1360 601 1426; x_wconf 89' lang='lat' dir='ltr'><strong>ablata,</strong></span> <span class='ocrx_word' id='word_1_98' title='bbox 627 1373 750 1413; x_wconf 90' lang='lat' dir='ltr'><strong>cum</strong></span> <span class='ocrx_word' id='word_1_99' title='bbox 773 1356 925 1423; x_wconf 84' lang='lat' dir='ltr'><strong>dicit,</strong></span> <span class='ocrx_word' id='word_1_100' title='bbox 946 1365 1216 1428; x_wconf 84' lang='lat' dir='ltr'><strong>peccatum</strong></span> <span class='ocrx_word' id='word_1_101' title='bbox 1253 1362 1425 1408; x_wconf 80' lang='lat' dir='ltr'><strong>autem</strong></span> <span class='ocrx_word' id='word_1_102' title='bbox 1462 1369 1566 1407; x_wconf 85' lang='lat' dir='ltr'><strong>non</strong></span> <span class='ocrx_word' id='word_1_103' title='bbox 1602 1350 1980 1420; x_wconf 81' lang='lat' dir='ltr'><strong>imputabutur,</strong></span> 
     </span>
    </p>
   </div>
   <div class='ocr_carea' id='block_1_15' title="bbox 398 1428 1984 1527">
    <p class='ocr_par' dir='ltr' id='par_1_15' title="bbox 398 1428 1984 1527">
     <span class='ocr_line' id='line_1_15' title="bbox 398 1428 1984 1527; baseline -0.007 -23"><span class='ocrx_word' id='word_1_104' title='bbox 398 1467 517 1505; x_wconf 83' lang='lat' dir='ltr'><strong>cum</strong></span> <span class='ocrx_word' id='word_1_105' title='bbox 551 1449 635 1504; x_wconf 76' lang='lat' dir='ltr'><strong>lea:</strong></span> <span class='ocrx_word' id='word_1_106' title='bbox 672 1466 777 1503; x_wconf 83' lang='lat' dir='ltr'><strong>non</strong></span> <span class='ocrx_word' id='word_1_107' title='bbox 801 1456 955 1527; x_wconf 75' lang='lat' dir='ltr'><strong>esset.</strong></span> <span class='ocrx_word' id='word_1_108' title='bbox 984 1446 1102 1502; x_wconf 86' lang='lat' dir='ltr'><strong>Non</strong></span> <span class='ocrx_word' id='word_1_109' title='bbox 1140 1446 1286 1500; x_wconf 90' lang='lat' dir='ltr'><strong>enim</strong></span> <span class='ocrx_word' id='word_1_110' title='bbox 1315 1444 1410 1508; x_wconf 87' lang='lat' dir='ltr'><strong>ait,</strong></span> <span class='ocrx_word' id='word_1_111' title='bbox 1443 1428 1551 1496; x_wconf 77' lang='lat' dir='ltr'><strong>non</strong></span> <span class='ocrx_word' id='word_1_112' title='bbox 1585 1450 1724 1505; x_wconf 86' lang='lat' dir='ltr'><strong>erat,</strong></span> <span class='ocrx_word' id='word_1_113' title='bbox 1755 1440 1852 1495; x_wconf 88' lang='lat' dir='ltr'><strong>sed</strong></span> <span class='ocrx_word' id='word_1_114' title='bbox 1879 1454 1984 1493; x_wconf 80' lang='lat' dir='ltr'><strong>non</strong></span> 
     </span>
    </p>
   </div>
   <div class='ocr_carea' id='block_1_16' title="bbox 397 1534 1981 1610">
    <p class='ocr_par' dir='ltr' id='par_1_16' title="bbox 397 1534 1981 1610">
     <span class='ocr_line' id='line_1_16' title="bbox 397 1534 1981 1610; baseline -0.008 -13"><span class='ocrx_word' id='word_1_115' title='bbox 397 1544 788 1608; x_wconf 75' lang='lat' dir='ltr'><strong>imputabatur;</strong></span> <span class='ocrx_word' id='word_1_116' title='bbox 817 1555 994 1610; x_wconf 88' lang='lat' dir='ltr'><strong>neque</strong></span> <span class='ocrx_word' id='word_1_117' title='bbox 1037 1554 1161 1594; x_wconf 89' lang='lat' dir='ltr'><strong>cum</strong></span> <span class='ocrx_word' id='word_1_118' title='bbox 1191 1538 1276 1592; x_wconf 80' lang='lat' dir='ltr'><strong>lex</strong></span> <span class='ocrx_word' id='word_1_119' title='bbox 1312 1536 1437 1592; x_wconf 89' lang='lat' dir='ltr'><strong>data</strong></span> <span class='ocrx_word' id='word_1_120' title='bbox 1466 1543 1570 1601; x_wconf 84' lang='lat' dir='ltr'><strong>est,</strong></span> <span class='ocrx_word' id='word_1_121' title='bbox 1599 1534 1836 1589; x_wconf 89' lang='lat' dir='ltr'><strong>ablatum</strong></span> <span class='ocrx_word' id='word_1_122' title='bbox 1876 1538 1981 1596; x_wconf 84' lang='lat' dir='ltr'><strong>est,</strong></span> 
     </span>
    </p>
   </div>
   <div class='ocr_carea' id='block_1_17' title="bbox 396 1625 1985 1705">
    <p class='ocr_par' dir='ltr' id='par_1_17' title="bbox 396 1625 1985 1705">
     <span class='ocr_line' id='line_1_17' title="bbox 396 1625 1985 1705; baseline -0.009 -15"><span class='ocrx_word' id='word_1_123' title='bbox 396 1635 493 1691; x_wconf 87' lang='lat' dir='ltr'><strong>sed</strong></span> <span class='ocrx_word' id='word_1_124' title='bbox 519 1634 766 1705; x_wconf 84' lang='lat' dir='ltr'><strong>deputari</strong></span> <span class='ocrx_word' id='word_1_125' title='bbox 793 1632 989 1702; x_wconf 75' lang='lat' dir='ltr'><strong>C(Bpit,</strong></span> <span class='ocrx_word' id='word_1_126' title='bbox 1021 1631 1077 1687; x_wconf 89' lang='lat' dir='ltr'><strong>id</strong></span> <span class='ocrx_word' id='word_1_127' title='bbox 1102 1640 1207 1696; x_wconf 90' lang='lat' dir='ltr'><strong>est,</strong></span> <span class='ocrx_word' id='word_1_128' title='bbox 1233 1643 1516 1700; x_wconf 80' lang='lat' dir='ltr'><strong>apparere.</strong></span> <span class='ocrx_word' id='word_1_129' title='bbox 1559 1625 1675 1681; x_wconf 85' lang='lat' dir='ltr'><strong>Non</strong></span> <span class='ocrx_word' id='word_1_130' title='bbox 1712 1639 1842 1695; x_wconf 88' lang='lat' dir='ltr'><strong>ergo</strong></span> <span class='ocrx_word' id='word_1_131' title='bbox 1883 1638 1985 1692; x_wconf 84' lang='lat' dir='ltr'><strong>pu-</strong></span> 
     </span>
    </p>
   </div>
   <div class='ocr_carea' id='block_1_18' title="bbox 397 1715 1983 1795">
    <p class='ocr_par' dir='ltr' id='par_1_18' title="bbox 397 1715 1983 1795">
     <span class='ocr_line' id='line_1_18' title="bbox 397 1715 1983 1795; baseline -0.007 -15"><span class='ocrx_word' id='word_1_132' title='bbox 397 1733 574 1780; x_wconf 90' lang='lat' dir='ltr'><strong>temus</strong></span> <span class='ocrx_word' id='word_1_133' title='bbox 620 1739 790 1795; x_wconf 90' lang='lat' dir='ltr'><strong>usque</strong></span> <span class='ocrx_word' id='word_1_134' title='bbox 838 1724 905 1778; x_wconf 89' lang='lat' dir='ltr'><strong>ad</strong></span> <span class='ocrx_word' id='word_1_135' title='bbox 950 1722 1123 1793; x_wconf 85' lang='lat' dir='ltr'><strong>legem</strong></span> <span class='ocrx_word' id='word_1_136' title='bbox 1162 1722 1240 1776; x_wconf 88' lang='lat' dir='ltr'><strong>ita</strong></span> <span class='ocrx_word' id='word_1_137' title='bbox 1289 1722 1493 1775; x_wconf 89' lang='lat' dir='ltr'><strong>dictum</strong></span> <span class='ocrx_word' id='word_1_138' title='bbox 1535 1733 1656 1774; x_wconf 89' lang='lat' dir='ltr'><strong>esse</strong></span> <span class='ocrx_word' id='word_1_139' title='bbox 1679 1717 1836 1787; x_wconf 87' lang='lat' dir='ltr'><strong>quasi</strong></span> <span class='ocrx_word' id='word_1_140' title='bbox 1870 1715 1983 1786; x_wconf 87' lang='lat' dir='ltr'><strong>jam</strong></span> 
     </span>
    </p>
   </div>
   <div class='ocr_carea' id='block_1_19' title="bbox 2083 511 3736 586">
    <p class='ocr_par' dir='ltr' id='par_1_19' title="bbox 2083 511 3736 586">
     <span class='ocr_line' id='line_1_19' title="bbox 2083 511 3736 586; baseline -0.012 -9"><span class='ocrx_word' id='word_1_141' title='bbox 2083 522 2317 586; x_wconf 83' lang='lat' dir='ltr'><strong>frenare,</strong></span> <span class='ocrx_word' id='word_1_142' title='bbox 2360 536 2428 575; x_wconf 90' lang='lat' dir='ltr'><strong>ne</strong></span> <span class='ocrx_word' id='word_1_143' title='bbox 2461 519 2755 573; x_wconf 77' lang='lat' dir='ltr'><strong>frustretur</strong></span> <span class='ocrx_word' id='word_1_144' title='bbox 2801 514 3006 586; x_wconf 80' lang='lat' dir='ltr'><strong>agnitio</strong></span> <span class='ocrx_word' id='word_1_145' title='bbox 3034 530 3048 566; x_wconf 89' lang='lat'>:</span> <span class='ocrx_word' id='word_1_146' title='bbox 3075 512 3233 566; x_wconf 86' lang='lat' dir='ltr'><strong>tertia</strong></span> <span class='ocrx_word' id='word_1_147' title='bbox 3261 524 3392 563; x_wconf 88' lang='lat' dir='ltr'><strong>vero</strong></span> <span class='ocrx_word' id='word_1_148' title='bbox 3417 523 3552 579; x_wconf 90' lang='lat' dir='ltr'><strong>pars</strong></span> <span class='ocrx_word' id='word_1_149' title='bbox 3596 511 3736 561; x_wconf 74' lang='lat' dir='ltr'><strong>est</strong></span> 
     </span>
    </p>
   </div>
   <div class='ocr_carea' id='block_1_20' title="bbox 2089 606 3731 682">
    <p class='ocr_par' dir='ltr' id='par_1_20' title="bbox 2089 606 3731 682">
     <span class='ocr_line' id='line_1_20' title="bbox 2089 606 3731 682; baseline -0.013 -8"><span class='ocrx_word' id='word_1_150' title='bbox 2089 618 2348 682; x_wconf 85' lang='lat' dir='ltr'><strong>docibilis,</strong></span> <span class='ocrx_word' id='word_1_151' title='bbox 2365 625 2424 670; x_wconf 89' lang='lat' dir='ltr'><strong>ut</strong></span> <span class='ocrx_word' id='word_1_152' title='bbox 2437 616 2626 670; x_wconf 81' lang='lat' dir='ltr'><strong>notitia</strong></span> <span class='ocrx_word' id='word_1_153' title='bbox 2644 610 3014 667; x_wconf 86' lang='lat' dir='ltr'><strong>Deicreatoris</strong></span> <span class='ocrx_word' id='word_1_154' title='bbox 3038 617 3093 662; x_wconf 91' lang='lat' dir='ltr'><strong>et</strong></span> <span class='ocrx_word' id='word_1_155' title='bbox 3117 606 3425 675; x_wconf 82' lang='lat' dir='ltr'><strong>exemplum</strong></span> <span class='ocrx_word' id='word_1_156' title='bbox 3450 613 3731 656; x_wconf 85' lang='lat' dir='ltr'><strong>morum</strong></span> 
     </span>
    </p>
   </div>
   <div class='ocr_carea' id='block_1_21' title="bbox 2081 694 3725 773">
    <p class='ocr_par' dir='ltr' id='par_1_21' title="bbox 2081 694 3725 773">
     <span class='ocr_line' id='line_1_21' title="bbox 2081 694 3725 773; baseline -0.015 -3"><span class='ocrx_word' id='word_1_157' title='bbox 2081 713 2293 769; x_wconf 58' lang='lat' dir='ltr'><strong>caeteris</strong></span> <span class='ocrx_word' id='word_1_158' title='bbox 2339 711 2642 773; x_wconf 80' lang='lat' dir='ltr'><strong>tradantur,</strong></span> <span class='ocrx_word' id='word_1_159' title='bbox 2671 716 2731 761; x_wconf 91' lang='lat' dir='ltr'><strong>ut</strong></span> <span class='ocrx_word' id='word_1_160' title='bbox 2759 706 2971 761; x_wconf 87' lang='lat' dir='ltr'><strong>discant</strong></span> <span class='ocrx_word' id='word_1_161' title='bbox 3013 700 3469 772; x_wconf 79' lang='lat' dir='ltr'><strong>quemadmodum</strong></span> <span class='ocrx_word' id='word_1_162' title='bbox 3530 694 3725 765; x_wconf 84' lang='lat' dir='ltr'><strong>apud</strong></span> 
     </span>
    </p>
   </div>
   <div class='ocr_carea' id='block_1_22' title="bbox 2081 789 3727 859">
    <p class='ocr_par' dir='ltr' id='par_1_22' title="bbox 2081 789 3727 859">
     <span class='ocr_line' id='line_1_22' title="bbox 2081 789 3727 859; baseline -0.013 -1"><span class='ocrx_word' id='word_1_163' title='bbox 2081 804 2394 859; x_wconf 86' lang='lat' dir='ltr'><strong>Creatorem</strong></span> <span class='ocrx_word' id='word_1_164' title='bbox 2444 799 2695 853; x_wconf 90' lang='lat' dir='ltr'><strong>meritum</strong></span> <span class='ocrx_word' id='word_1_165' title='bbox 2742 795 3042 851; x_wconf 83' lang='lat' dir='ltr'><strong>collocatur</strong></span> <span class='ocrx_word' id='word_1_166' title='bbox 3088 807 3103 845; x_wconf 87' lang='lat'><strong>:</strong></span> <span class='ocrx_word' id='word_1_167' title='bbox 3155 792 3272 846; x_wconf 66' lang='lat' dir='ltr'><strong>hinc</strong></span> <span class='ocrx_word' id='word_1_168' title='bbox 3307 793 3394 844; x_wconf 88' lang='lat' dir='ltr'><strong>est</strong></span> <span class='ocrx_word' id='word_1_169' title='bbox 3438 800 3577 840; x_wconf 85' lang='lat' dir='ltr'><strong>vera</strong></span> <span class='ocrx_word' id='word_1_170' title='bbox 3630 789 3727 837; x_wconf 70' lang='lat' dir='ltr'><strong>et</strong></span> 
     </span>
    </p>
   </div>
   <div class='ocr_carea' id='block_1_23' title="bbox 2079 889 2721 960">
    <p class='ocr_par' dir='ltr' id='par_1_23' title="bbox 2079 889 2721 960">
     <span class='ocr_line' id='line_1_23' title="bbox 2079 889 2721 960; baseline -0.014 -9"><span class='ocrx_word' id='word_1_171' title='bbox 2079 893 2387 951; x_wconf 83' lang='lat' dir='ltr'><strong>Christiana</strong></span> <span class='ocrx_word' id='word_1_172' title='bbox 2415 889 2721 960; x_wconf 83' lang='lat' dir='ltr'><strong>prudentia.</strong></span> 
     </span>
    </p>
   </div>
   <div class='ocr_carea' id='block_1_24' title="bbox 2175 970 3717 1055">
    <p class='ocr_par' dir='ltr' id='par_1_24' title="bbox 2175 970 3717 1055">
     <span class='ocr_line' id='line_1_24' title="bbox 2175 970 3717 1055; baseline -0.012 -14"><span class='ocrx_word' id='word_1_173' title='bbox 2175 985 2280 1042; x_wconf 87' lang='lat' dir='ltr'><strong>Sed</strong></span> <span class='ocrx_word' id='word_1_174' title='bbox 2322 984 2552 1055; x_wconf 78' lang='lat' dir='ltr'><strong>regnavit</strong></span> <span class='ocrx_word' id='word_1_175' title='bbox 2594 996 2736 1037; x_wconf 73' lang='lat' dir='ltr'><strong>mors</strong></span> <span class='ocrx_word' id='word_1_176' title='bbox 2795 979 2859 1034; x_wconf 82' lang='lat' dir='ltr'><strong>ab</strong></span> <span class='ocrx_word' id='word_1_177' title='bbox 2903 979 3074 1033; x_wconf 81' lang='lat' dir='ltr'><strong>Adam</strong></span> <span class='ocrx_word' id='word_1_178' title='bbox 3124 989 3288 1046; x_wconf 77' lang='lat' dir='ltr'><strong>usque</strong></span> <span class='ocrx_word' id='word_1_179' title='bbox 3337 972 3407 1027; x_wconf 75' lang='lat' dir='ltr'><strong>ad</strong></span> <span class='ocrx_word' id='word_1_180' title='bbox 3450 970 3717 1041; x_wconf 66' lang='lat' dir='ltr'><strong>Moysen</strong></span> 
     </span>
    </p>
   </div>
   <div class='ocr_carea' id='block_1_25' title="bbox 2083 1061 3705 1145">
    <p class='ocr_par' dir='ltr' id='par_1_25' title="bbox 2083 1061 3705 1145">
     <span class='ocr_line' id='line_1_25' title="bbox 2083 1061 3705 1145; baseline -0.013 -11"><span class='ocrx_word' id='word_1_181' title='bbox 2083 1080 2241 1135; x_wconf 82' lang='lat' dir='ltr'><strong>etiam</strong></span> <span class='ocrx_word' id='word_1_182' title='bbox 2287 1078 2343 1131; x_wconf 81' lang='lat' dir='ltr'><strong>in</strong></span> <span class='ocrx_word' id='word_1_183' title='bbox 2386 1091 2508 1141; x_wconf 75' lang='lat' dir='ltr'><strong>eos,</strong></span> <span class='ocrx_word' id='word_1_184' title='bbox 2556 1073 2646 1145; x_wconf 80' lang='lat' dir='ltr'><strong>qui</strong></span> <span class='ocrx_word' id='word_1_185' title='bbox 2670 1086 2775 1127; x_wconf 79' lang='lat' dir='ltr'><strong>non</strong></span> <span class='ocrx_word' id='word_1_186' title='bbox 2797 1078 3137 1142; x_wconf 79' lang='lat' dir='ltr'><strong>peccauerunt</strong></span> <span class='ocrx_word' id='word_1_187' title='bbox 3187 1066 3244 1120; x_wconf 84' lang='lat' dir='ltr'><strong>in</strong></span> <span class='ocrx_word' id='word_1_188' title='bbox 3269 1061 3705 1118; x_wconf 64' lang='lat' dir='ltr'><strong>similitudinem</strong></span> 
     </span>
    </p>
   </div>
   <div class='ocr_carea' id='block_1_26' title="bbox 2082 1151 3700 1242">
    <p class='ocr_par' dir='ltr' id='par_1_26' title="bbox 2082 1151 3700 1242">
     <span class='ocr_line' id='line_1_26' title="bbox 2082 1151 3700 1242; baseline -0.014 -16"><span class='ocrx_word' id='word_1_189' title='bbox 2082 1167 2536 1242; x_wconf 68' lang='lat' dir='ltr'><strong>praeuaricationis</strong></span> <span class='ocrx_word' id='word_1_190' title='bbox 2582 1164 2711 1219; x_wconf 75' lang='lat' dir='ltr'><strong>Adw</strong></span> <span class='ocrx_word' id='word_1_191' title='bbox 2758 1163 2851 1233; x_wconf 73' lang='lat' dir='ltr'><strong>qui</strong></span> <span class='ocrx_word' id='word_1_192' title='bbox 2895 1168 2970 1215; x_wconf 71' lang='lat' dir='ltr'><strong>est</strong></span> <span class='ocrx_word' id='word_1_193' title='bbox 3018 1158 3192 1229; x_wconf 76' lang='lat' dir='ltr'><strong>forma</strong></span> <span class='ocrx_word' id='word_1_194' title='bbox 3241 1154 3428 1224; x_wconf 73' lang='lat' dir='ltr'><strong>futuri.</strong></span> <span class='ocrx_word' id='word_1_195' title='bbox 3478 1151 3700 1224; x_wconf 68' lang='grc' dir='ltr'><strong>(Δυε.)</strong></span> 
     </span>
    </p>
   </div>
   <div class='ocr_carea' id='block_1_27' title="bbox 2085 1251 3705 1332">
    <p class='ocr_par' dir='ltr' id='par_1_27' title="bbox 2085 1251 3705 1332">
     <span class='ocr_line' id='line_1_27' title="bbox 2085 1251 3705 1332; baseline -0.01 -14"><span class='ocrx_word' id='word_1_196' title='bbox 2085 1264 2239 1332; x_wconf 82' lang='lat' dir='ltr'><strong>Quod</strong></span> <span class='ocrx_word' id='word_1_197' title='bbox 2277 1271 2456 1318; x_wconf 83' lang='lat' dir='ltr'><strong>autem</strong></span> <span class='ocrx_word' id='word_1_198' title='bbox 2502 1261 2597 1325; x_wconf 88' lang='lat' dir='ltr'><strong>ait,</strong></span> <span class='ocrx_word' id='word_1_199' title='bbox 2644 1258 2735 1314; x_wconf 78' lang='lat' dir='ltr'><strong>sed</strong></span> <span class='ocrx_word' id='word_1_200' title='bbox 2776 1256 3011 1328; x_wconf 68' lang='lat' dir='ltr'><strong>regnauit</strong></span> <span class='ocrx_word' id='word_1_201' title='bbox 3050 1268 3189 1308; x_wconf 80' lang='lat' dir='ltr'><strong>mors</strong></span> <span class='ocrx_word' id='word_1_202' title='bbox 3228 1252 3294 1306; x_wconf 78' lang='lat' dir='ltr'><strong>ab</strong></span> <span class='ocrx_word' id='word_1_203' title='bbox 3315 1251 3487 1305; x_wconf 76' lang='lat' dir='ltr'><strong>Adam</strong></span> <span class='ocrx_word' id='word_1_204' title='bbox 3509 1264 3705 1319; x_wconf 70' lang='lat' dir='ltr'><strong>usque</strong></span> 
     </span>
    </p>
   </div>
   <div class='ocr_carea' id='block_1_28' title="bbox 2086 1340 3696 1426">
    <p class='ocr_par' dir='ltr' id='par_1_28' title="bbox 2086 1340 3696 1426">
     <span class='ocr_line' id='line_1_28' title="bbox 2086 1340 3696 1426; baseline -0.012 -13"><span class='ocrx_word' id='word_1_205' title='bbox 2086 1358 2156 1413; x_wconf 77' lang='lat' dir='ltr'><strong>ad</strong></span> <span class='ocrx_word' id='word_1_206' title='bbox 2184 1356 2423 1426; x_wconf 76' lang='lat' dir='ltr'><strong>Moysen,</strong></span> <span class='ocrx_word' id='word_1_207' title='bbox 2445 1364 2492 1408; x_wconf 86' lang='lat' dir='ltr'><strong>et</strong></span> <span class='ocrx_word' id='word_1_208' title='bbox 2522 1355 2577 1408; x_wconf 82' lang='lat' dir='ltr'><strong>in</strong></span> <span class='ocrx_word' id='word_1_209' title='bbox 2597 1353 2701 1417; x_wconf 77' lang='lat' dir='ltr'><strong>Itis,</strong></span> <span class='ocrx_word' id='word_1_210' title='bbox 2720 1352 2811 1422; x_wconf 76' lang='lat' dir='ltr'><strong>qui</strong></span> <span class='ocrx_word' id='word_1_211' title='bbox 2836 1362 2939 1404; x_wconf 78' lang='lat' dir='ltr'><strong>non</strong></span> <span class='ocrx_word' id='word_1_212' title='bbox 2966 1354 3305 1419; x_wconf 77' lang='lat' dir='ltr'><strong>peccaverunt</strong></span> <span class='ocrx_word' id='word_1_213' title='bbox 3337 1345 3395 1397; x_wconf 71' lang='lat' dir='ltr'><strong>in</strong></span> <span class='ocrx_word' id='word_1_214' title='bbox 3425 1340 3696 1397; x_wconf 71' lang='lat' dir='ltr'><strong>similitu-</strong></span> 
     </span>
    </p>
   </div>
   <div class='ocr_carea' id='block_1_29' title="bbox 2087 1432 3693 1517">
    <p class='ocr_par' dir='ltr' id='par_1_29' title="bbox 2087 1432 3693 1517">
     <span class='ocr_line' id='line_1_29' title="bbox 2087 1432 3693 1517; baseline -0.01 -16"><span class='ocrx_word' id='word_1_215' title='bbox 2087 1447 2259 1501; x_wconf 83' lang='lat' dir='ltr'><strong>dinem</strong></span> <span class='ocrx_word' id='word_1_216' title='bbox 2281 1440 2937 1517; x_wconf 60' lang='lat' dir='ltr'><strong>prwvaricationisAde...</strong></span> <span class='ocrx_word' id='word_1_217' title='bbox 2955 1439 3004 1509; x_wconf 71' lang='grc' dir='ltr'><strong>(ει</strong></span> <span class='ocrx_word' id='word_1_218' title='bbox 3021 1436 3124 1492; x_wconf 78' lang='lat' dir='ltr'><strong>Hic</strong></span> <span class='ocrx_word' id='word_1_219' title='bbox 3137 1437 3309 1491; x_wconf 75' lang='lat' dir='ltr'><strong>minus</strong></span> <span class='ocrx_word' id='word_1_220' title='bbox 3328 1433 3533 1503; x_wconf 69' lang='lat' dir='ltr'><strong>habet.)</strong></span> <span class='ocrx_word' id='word_1_221' title='bbox 3552 1432 3693 1486; x_wconf 66' lang='lat' dir='ltr'><strong>Haec</strong></span> 
     </span>
    </p>
   </div>
   <div class='ocr_carea' id='block_1_30' title="bbox 2088 1517 3693 1599">
    <p class='ocr_par' dir='ltr' id='par_1_30' title="bbox 2088 1517 3693 1599">
     <span class='ocr_line' id='line_1_30' title="bbox 2088 1517 3693 1599; baseline -0.011 -6"><span class='ocrx_word' id='word_1_222' title='bbox 2088 1548 2172 1593; x_wconf 91' lang='lat' dir='ltr'><strong>est</strong></span> <span class='ocrx_word' id='word_1_223' title='bbox 2202 1536 2368 1591; x_wconf 81' lang='lat' dir='ltr'><strong>futuri</strong></span> <span class='ocrx_word' id='word_1_224' title='bbox 2420 1533 2593 1589; x_wconf 81' lang='lat' dir='ltr'><strong>forma</strong></span> <span class='ocrx_word' id='word_1_225' title='bbox 2620 1532 2812 1597; x_wconf 86' lang='lat' dir='ltr'><strong>Adam,</strong></span> <span class='ocrx_word' id='word_1_226' title='bbox 2842 1530 2908 1585; x_wconf 90' lang='lat' dir='ltr'><strong>de</strong></span> <span class='ocrx_word' id='word_1_227' title='bbox 2934 1542 3041 1599; x_wconf 80' lang='lat' dir='ltr'><strong>qua</strong></span> <span class='ocrx_word' id='word_1_228' title='bbox 3084 1527 3334 1598; x_wconf 83' lang='lat' dir='ltr'><strong>superius</strong></span> <span class='ocrx_word' id='word_1_229' title='bbox 3375 1517 3523 1594; x_wconf 64' lang='lat' dir='ltr'><strong>lo&#39;qui</strong></span> <span class='ocrx_word' id='word_1_230' title='bbox 3567 1536 3693 1577; x_wconf 78' lang='lat' dir='ltr'><strong>cte-</strong></span> 
     </span>
    </p>
   </div>
   <div class='ocr_carea' id='block_1_31' title="bbox 2087 1614 3688 1705">
    <p class='ocr_par' dir='ltr' id='par_1_31' title="bbox 2087 1614 3688 1705">
     <span class='ocr_line' id='line_1_31' title="bbox 2087 1614 3688 1705; baseline -0.009 -23"><span class='ocrx_word' id='word_1_231' title='bbox 2087 1636 2267 1699; x_wconf 87' lang='lat' dir='ltr'><strong>perat,</strong></span> <span class='ocrx_word' id='word_1_232' title='bbox 2311 1635 2363 1681; x_wconf 91' lang='lat' dir='ltr'><strong>et</strong></span> <span class='ocrx_word' id='word_1_233' title='bbox 2407 1626 2526 1697; x_wconf 82' lang='lat' dir='ltr'><strong>ejus</strong></span> <span class='ocrx_word' id='word_1_234' title='bbox 2560 1624 2776 1705; x_wconf 82' lang='lat' dir='ltr'><strong>aliquas</strong></span> <span class='ocrx_word' id='word_1_235' title='bbox 2820 1619 3157 1676; x_wconf 84' lang='lat' dir='ltr'><strong>diﬁ‘ereutias</strong></span> <span class='ocrx_word' id='word_1_236' title='bbox 3192 1618 3550 1687; x_wconf 86' lang='lat' dir='ltr'><strong>interponens</strong></span> <span class='ocrx_word' id='word_1_237' title='bbox 3600 1614 3688 1668; x_wconf 81' lang='lat' dir='ltr'><strong>di-</strong></span> 
     </span>
    </p>
   </div>
   <div class='ocr_carea' id='block_1_32' title="bbox 2091 1705 3695 1784">
    <p class='ocr_par' dir='ltr' id='par_1_32' title="bbox 2091 1705 3695 1784">
     <span class='ocr_line' id='line_1_32' title="bbox 2091 1705 3695 1784; baseline -0.012 -7"><span class='ocrx_word' id='word_1_238' title='bbox 2091 1720 2322 1777; x_wconf 83' lang='lat' dir='ltr'><strong>stulerat</strong></span> <span class='ocrx_word' id='word_1_239' title='bbox 2352 1718 2598 1773; x_wconf 89' lang='lat' dir='ltr'><strong>ordinem</strong></span> <span class='ocrx_word' id='word_1_240' title='bbox 2617 1756 2631 1782; x_wconf 93' lang='lat'><strong>,</strong></span> <span class='ocrx_word' id='word_1_241' title='bbox 2662 1715 2732 1769; x_wconf 85' lang='lat' dir='ltr'><strong>ad</strong></span> <span class='ocrx_word' id='word_1_242' title='bbox 2771 1727 2932 1784; x_wconf 89' lang='lat' dir='ltr'><strong>quem</strong></span> <span class='ocrx_word' id='word_1_243' title='bbox 2962 1724 3107 1767; x_wconf 90' lang='lat' dir='ltr'><strong>nunc</strong></span> <span class='ocrx_word' id='word_1_244' title='bbox 3153 1708 3427 1764; x_wconf 86' lang='lat' dir='ltr'><strong>redeundo</strong></span> <span class='ocrx_word' id='word_1_245' title='bbox 3455 1705 3695 1762; x_wconf 84' lang='lat' dir='ltr'><strong>conclu-</strong></span> 
     </span>
    </p>
   </div>
   <div class='ocr_carea' id='block_1_33' title="bbox 399 1800 3694 1886">
    <p class='ocr_par' dir='ltr' id='par_1_33' title="bbox 399 1800 3694 1886">
     <span class='ocr_line' id='line_1_33' title="bbox 399 1800 3694 1886; baseline -0.008 -8"><span class='ocrx_word' id='word_1_246' title='bbox 399 1816 498 1871; x_wconf 73' lang='grc' dir='ltr'><strong>ευὶ)</strong></span> <span class='ocrx_word' id='word_1_247' title='bbox 540 1815 657 1886; x_wconf 76' lang='lat' dir='ltr'><strong>lege</strong></span> <span class='ocrx_word' id='word_1_248' title='bbox 698 1830 805 1869; x_wconf 81' lang='lat' dir='ltr'><strong>non</strong></span> <span class='ocrx_word' id='word_1_249' title='bbox 847 1822 993 1869; x_wconf 73' lang='lat' dir='ltr'><strong>esset</strong></span> <span class='ocrx_word' id='word_1_250' title='bbox 1030 1821 1337 1882; x_wconf 70' lang='lat' dir='ltr'><strong>peccalum.</strong></span> <span class='ocrx_word' id='word_1_251' title='bbox 1387 1810 1482 1865; x_wconf 64' lang='lat'><strong>680</strong></span> <span class='ocrx_word' id='word_1_252' title='bbox 1518 1810 1599 1864; x_wconf 78' lang='lat' dir='ltr'><strong>Sic</strong></span> <span class='ocrx_word' id='word_1_253' title='bbox 1632 1809 1833 1863; x_wconf 72' lang='lat' dir='ltr'><strong>(“Clum</strong></span> <span class='ocrx_word' id='word_1_254' title='bbox 1876 1815 1980 1871; x_wconf 70' lang='grc' dir='ltr'><strong>εει,</strong></span> <span class='ocrx_word' id='word_1_255' title='bbox 2013 1808 2062 1869; x_wconf 78' lang='grc' dir='ltr'><strong>Β</strong></span> <span class='ocrx_word' id='word_1_256' title='bbox 2089 1812 2402 1869; x_wconf 81' lang='lat' dir='ltr'><strong>sit&#39;dicens:</strong></span> <span class='ocrx_word' id='word_1_257' title='bbox 2431 1809 2619 1880; x_wconf 84' lang='lat' dir='ltr'><strong>Itaque</strong></span> <span class='ocrx_word' id='word_1_258' title='bbox 2650 1810 2784 1862; x_wconf 79' lang='lat' dir='ltr'><strong>sicut</strong></span> <span class='ocrx_word' id='word_1_259' title='bbox 2821 1821 2915 1876; x_wconf 87' lang='lat' dir='ltr'><strong>per</strong></span> <span class='ocrx_word' id='word_1_260' title='bbox 2942 1804 3099 1858; x_wconf 73' lang='lat' dir='ltr'><strong>unius</strong></span> <span class='ocrx_word' id='word_1_261' title='bbox 3135 1800 3460 1856; x_wconf 72' lang='lat' dir='ltr'><strong>deiictsmtitt</strong></span> <span class='ocrx_word' id='word_1_262' title='bbox 3499 1815 3694 1854; x_wconf 75' lang='lat' dir='ltr'><strong>omnes</strong></span> 
     </span>
    </p>
   </div>
   <div class='ocr_carea' id='block_1_34' title="bbox 298 1898 1987 1974">
    <p class='ocr_par' dir='ltr' id='par_1_34' title="bbox 298 1898 1987 1974">
     <span class='ocr_line' id='line_1_34' title="bbox 298 1898 1987 1974; baseline -0.003 -17"><span class='ocrx_word' id='word_1_263' title='bbox 298 1898 307 1906; x_wconf 81' lang='grc'><em>’</em></span> <span class='ocrx_word' id='word_1_264' title='bbox 397 1920 562 1974; x_wconf 80' lang='lat' dir='ltr'><strong>usque</strong></span> <span class='ocrx_word' id='word_1_265' title='bbox 602 1903 670 1956; x_wconf 85' lang='lat' dir='ltr'><strong>ad</strong></span> <span class='ocrx_word' id='word_1_266' title='bbox 695 1902 897 1973; x_wconf 86' lang='lat' dir='ltr'><strong>-legem,</strong></span> <span class='ocrx_word' id='word_1_267' title='bbox 943 1909 1004 1955; x_wconf 90' lang='lat' dir='ltr'><strong>ut</strong></span> <span class='ocrx_word' id='word_1_268' title='bbox 1048 1909 1218 1955; x_wconf 91' lang='lat' dir='ltr'><strong>totum</strong></span> <span class='ocrx_word' id='word_1_269' title='bbox 1248 1899 1382 1971; x_wconf 87' lang='lat' dir='ltr'><strong>legis</strong></span> <span class='ocrx_word' id='word_1_270' title='bbox 1427 1909 1639 1970; x_wconf 86' lang='lat' dir='ltr'><strong>tempus</strong></span> <span class='ocrx_word' id='word_1_271' title='bbox 1667 1907 1987 1953; x_wconf 81' lang='lat' dir='ltr'><strong>annumeret</strong></span> 
     </span>
    </p>
   </div>
   <div class='ocr_carea' id='block_1_35' title="bbox 398 1988 1985 2065">
    <p class='ocr_par' dir='ltr' id='par_1_35' title="bbox 398 1988 1985 2065">
     <span class='ocr_line' id='line_1_35' title="bbox 398 1988 1985 2065; baseline -0.006 -15"><span class='ocrx_word' id='word_1_272' title='bbox 398 2010 573 2065; x_wconf 89' lang='lat' dir='ltr'><strong>usque</strong></span> <span class='ocrx_word' id='word_1_273' title='bbox 622 1996 689 2049; x_wconf 86' lang='lat' dir='ltr'><strong>ad</strong></span> <span class='ocrx_word' id='word_1_274' title='bbox 730 1993 891 2049; x_wconf 84' lang='lat' dir='ltr'><strong>ﬁnem</strong></span> <span class='ocrx_word' id='word_1_275' title='bbox 931 1992 1093 2063; x_wconf 88' lang='lat' dir='ltr'><strong>legis,</strong></span> <span class='ocrx_word' id='word_1_276' title='bbox 1144 1992 1289 2063; x_wconf 87' lang='lat' dir='ltr'><strong>quod</strong></span> <span class='ocrx_word' id='word_1_277' title='bbox 1317 2000 1401 2047; x_wconf 87' lang='lat' dir='ltr'><strong>est</strong></span> <span class='ocrx_word' id='word_1_278' title='bbox 1428 1990 1699 2046; x_wconf 84' lang='lat' dir='ltr'><strong>Christus.</strong></span> <span class='ocrx_word' id='word_1_279' title='bbox 1755 1988 1985 2061; x_wconf 65' lang='grc' dir='ltr'><strong>(Δηιὼν.)</strong></span> 
     </span>
    </p>
   </div>
   <div class='ocr_carea' id='block_1_36' title="bbox 398 2074 1989 2152">
    <p class='ocr_par' dir='ltr' id='par_1_36' title="bbox 398 2074 1989 2152">
     <span class='ocr_line' id='line_1_36' title="bbox 398 2074 1989 2152; baseline -0.004 -13"><span class='ocrx_word' id='word_1_280' title='bbox 398 2083 457 2139; x_wconf 84' lang='grc' dir='ltr'><strong>1η</strong></span> <span class='ocrx_word' id='word_1_281' title='bbox 481 2086 650 2138; x_wconf 87' lang='lat' dir='ltr'><strong>Adam</strong></span> <span class='ocrx_word' id='word_1_282' title='bbox 692 2099 880 2139; x_wconf 89' lang='lat' dir='ltr'><strong>omnes</strong></span> <span class='ocrx_word' id='word_1_283' title='bbox 917 2074 1049 2137; x_wconf 87' lang='lat' dir='ltr'><strong>dicit</strong></span> <span class='ocrx_word' id='word_1_284' title='bbox 1092 2097 1370 2152; x_wconf 88' lang='lat' dir='ltr'><strong>peccasse,</strong></span> <span class='ocrx_word' id='word_1_285' title='bbox 1400 2082 1547 2137; x_wconf 89' lang='lat' dir='ltr'><strong>sicut</strong></span> <span class='ocrx_word' id='word_1_286' title='bbox 1587 2096 1752 2151; x_wconf 84' lang='lat' dir='ltr'><strong>supra</strong></span> <span class='ocrx_word' id='word_1_287' title='bbox 1784 2093 1989 2135; x_wconf 89' lang='lat' dir='ltr'><strong>memo-</strong></span> 
     </span>
    </p>
   </div>
   <div class='ocr_carea' id='block_1_37' title="bbox 400 2173 1990 2246">
    <p class='ocr_par' dir='ltr' id='par_1_37' title="bbox 400 2173 1990 2246">
     <span class='ocr_line' id='line_1_37' title="bbox 400 2173 1990 2246; baseline -0.006 -14"><span class='ocrx_word' id='word_1_288' title='bbox 400 2177 537 2242; x_wconf 89' lang='lat' dir='ltr'><strong>ravi,</strong></span> <span class='ocrx_word' id='word_1_289' title='bbox 569 2184 624 2231; x_wconf 92' lang='lat' dir='ltr'><strong>et</strong></span> <span class='ocrx_word' id='word_1_290' title='bbox 652 2191 822 2245; x_wconf 89' lang='lat' dir='ltr'><strong>usque</strong></span> <span class='ocrx_word' id='word_1_291' title='bbox 850 2175 918 2229; x_wconf 88' lang='lat' dir='ltr'><strong>ad</strong></span> <span class='ocrx_word' id='word_1_292' title='bbox 946 2174 1118 2246; x_wconf 85' lang='lat' dir='ltr'><strong>legem</strong></span> <span class='ocrx_word' id='word_1_293' title='bbox 1148 2175 1327 2229; x_wconf 85' lang='lat' dir='ltr'><strong>datam</strong></span> <span class='ocrx_word' id='word_1_294' title='bbox 1358 2188 1466 2227; x_wconf 91' lang='lat' dir='ltr'><strong>non</strong></span> <span class='ocrx_word' id='word_1_295' title='bbox 1515 2173 1835 2243; x_wconf 85' lang='lat' dir='ltr'><strong>imputatum</strong></span> <span class='ocrx_word' id='word_1_296' title='bbox 1866 2182 1990 2224; x_wconf 88' lang='lat' dir='ltr'><strong>esse</strong></span> 
     </span>
    </p>
   </div>
   <div class='ocr_carea' id='block_1_38' title="bbox 398 2264 1988 2340">
    <p class='ocr_par' dir='ltr' id='par_1_38' title="bbox 398 2264 1988 2340">
     <span class='ocr_line' id='line_1_38' title="bbox 398 2264 1988 2340; baseline -0.005 -16"><span class='ocrx_word' id='word_1_297' title='bbox 398 2275 708 2340; x_wconf 82' lang='lat' dir='ltr'><strong>peccatum,</strong></span> <span class='ocrx_word' id='word_1_298' title='bbox 758 2267 1018 2337; x_wconf 85' lang='lat' dir='ltr'><strong>putabant</strong></span> <span class='ocrx_word' id='word_1_299' title='bbox 1069 2266 1214 2321; x_wconf 91' lang='lat' dir='ltr'><strong>enim</strong></span> <span class='ocrx_word' id='word_1_300' title='bbox 1258 2281 1317 2320; x_wconf 91' lang='lat' dir='ltr'><strong>se</strong></span> <span class='ocrx_word' id='word_1_301' title='bbox 1344 2266 1592 2320; x_wconf 84' lang='lat' dir='ltr'><strong>homines</strong></span> <span class='ocrx_word' id='word_1_302' title='bbox 1632 2264 1773 2334; x_wconf 86' lang='lat' dir='ltr'><strong>apud</strong></span> <span class='ocrx_word' id='word_1_303' title='bbox 1816 2264 1988 2319; x_wconf 85' lang='lat' dir='ltr'><strong>Deum</strong></span> 
     </span>
    </p>
   </div>
   <div class='ocr_carea' id='block_1_39' title="bbox 404 2355 1988 2428">
    <p class='ocr_par' dir='ltr' id='par_1_39' title="bbox 404 2355 1988 2428">
     <span class='ocr_line' id='line_1_39' title="bbox 404 2355 1988 2428; baseline -0.003 -15"><span class='ocrx_word' id='word_1_304' title='bbox 404 2359 625 2428; x_wconf 82' lang='lat' dir='ltr'><strong>impune</strong></span> <span class='ocrx_word' id='word_1_305' title='bbox 652 2372 905 2426; x_wconf 89' lang='lat' dir='ltr'><strong>peccare,</strong></span> <span class='ocrx_word' id='word_1_306' title='bbox 935 2357 1030 2412; x_wconf 89' lang='lat' dir='ltr'><strong>sed</strong></span> <span class='ocrx_word' id='word_1_307' title='bbox 1061 2372 1167 2411; x_wconf 92' lang='lat' dir='ltr'><strong>non</strong></span> <span class='ocrx_word' id='word_1_308' title='bbox 1213 2355 1354 2426; x_wconf 83' lang='lat' dir='ltr'><strong>apud</strong></span> <span class='ocrx_word' id='word_1_309' title='bbox 1383 2355 1667 2411; x_wconf 89' lang='lat' dir='ltr'><strong>homines:</strong></span> <span class='ocrx_word' id='word_1_310' title='bbox 1705 2369 1805 2411; x_wconf 89' lang='lat' dir='ltr'><strong>nec</strong></span> <span class='ocrx_word' id='word_1_311' title='bbox 1842 2355 1988 2408; x_wconf 87' lang='lat' dir='ltr'><strong>enim</strong></span> 
     </span>
    </p>
   </div>
   <div class='ocr_carea' id='block_1_40' title="bbox 401 2447 1989 2519">
    <p class='ocr_par' dir='ltr' id='par_1_40' title="bbox 401 2447 1989 2519">
     <span class='ocr_line' id='line_1_40' title="bbox 401 2447 1989 2519; baseline -0.002 -15"><span class='ocrx_word' id='word_1_312' title='bbox 401 2448 485 2504; x_wconf 84' lang='lat' dir='ltr'><strong>lex</strong></span> <span class='ocrx_word' id='word_1_313' title='bbox 516 2448 777 2503; x_wconf 85' lang='lat' dir='ltr'><strong>naturalis</strong></span> <span class='ocrx_word' id='word_1_314' title='bbox 805 2448 1020 2519; x_wconf 87' lang='lat' dir='ltr'><strong>penitus</strong></span> <span class='ocrx_word' id='word_1_315' title='bbox 1055 2450 1429 2518; x_wconf 89' lang='lat' dir='ltr'><strong>obtorpuerat,</strong></span> <span class='ocrx_word' id='word_1_316' title='bbox 1457 2447 1585 2517; x_wconf 90' lang='lat' dir='ltr'><strong>quia</strong></span> <span class='ocrx_word' id='word_1_317' title='bbox 1619 2462 1727 2502; x_wconf 90' lang='lat' dir='ltr'><strong>nou</strong></span> <span class='ocrx_word' id='word_1_318' title='bbox 1771 2448 1989 2518; x_wconf 88' lang='lat' dir='ltr'><strong>ignora-</strong></span> 
     </span>
    </p>
   </div>
   <div class='ocr_carea' id='block_1_41' title="bbox 406 2537 1990 2613">
    <p class='ocr_par' dir='ltr' id='par_1_41' title="bbox 406 2537 1990 2613">
     <span class='ocr_line' id='line_1_41' title="bbox 406 2537 1990 2613; baseline -0.004 -15"><span class='ocrx_word' id='word_1_319' title='bbox 406 2544 536 2599; x_wconf 81' lang='lat' dir='ltr'><strong>baut</strong></span> <span class='ocrx_word' id='word_1_320' title='bbox 573 2543 700 2613; x_wconf 89' lang='lat' dir='ltr'><strong>quia</strong></span> <span class='ocrx_word' id='word_1_321' title='bbox 746 2542 887 2610; x_wconf 91' lang='lat' dir='ltr'><strong>quod</strong></span> <span class='ocrx_word' id='word_1_322' title='bbox 917 2540 1028 2612; x_wconf 87' lang='lat' dir='ltr'><strong>pati</strong></span> <span class='ocrx_word' id='word_1_323' title='bbox 1066 2539 1341 2604; x_wconf 87' lang='lat' dir='ltr'><strong>nolebant,</strong></span> <span class='ocrx_word' id='word_1_324' title='bbox 1369 2538 1489 2593; x_wconf 89' lang='lat' dir='ltr'><strong>aliis</strong></span> <span class='ocrx_word' id='word_1_325' title='bbox 1526 2537 1709 2593; x_wconf 80' lang='lat' dir='ltr'><strong>facere</strong></span> <span class='ocrx_word' id='word_1_326' title='bbox 1751 2553 1857 2593; x_wconf 92' lang='lat' dir='ltr'><strong>non</strong></span> <span class='ocrx_word' id='word_1_327' title='bbox 1893 2539 1990 2592; x_wconf 89' lang='lat' dir='ltr'><strong>de-</strong></span> 
     </span>
    </p>
   </div>
   <div class='ocr_carea' id='block_1_42' title="bbox 400 2626 1989 2701">
    <p class='ocr_par' dir='ltr' id='par_1_42' title="bbox 400 2626 1989 2701">
     <span class='ocr_line' id='line_1_42' title="bbox 400 2626 1989 2701; baseline -0.003 -14"><span class='ocrx_word' id='word_1_328' title='bbox 400 2631 618 2687; x_wconf 87' lang='lat' dir='ltr'><strong>bebant.</strong></span> <span class='ocrx_word' id='word_1_329' title='bbox 645 2631 777 2685; x_wconf 86' lang='lat' dir='ltr'><strong>Nam</strong></span> <span class='ocrx_word' id='word_1_330' title='bbox 810 2646 977 2701; x_wconf 89' lang='lat' dir='ltr'><strong>usque</strong></span> <span class='ocrx_word' id='word_1_331' title='bbox 1007 2630 1140 2684; x_wconf 87' lang='lat' dir='ltr'><strong>adeo</strong></span> <span class='ocrx_word' id='word_1_332' title='bbox 1170 2646 1278 2684; x_wconf 91' lang='lat' dir='ltr'><strong>non</strong></span> <span class='ocrx_word' id='word_1_333' title='bbox 1308 2630 1547 2699; x_wconf 76' lang='lat' dir='ltr'><strong>ignotum</strong></span> <span class='ocrx_word' id='word_1_334' title='bbox 1576 2626 1677 2683; x_wconf 80' lang='lat' dir='ltr'><strong>fuit</strong></span> <span class='ocrx_word' id='word_1_335' title='bbox 1707 2635 1989 2699; x_wconf 86' lang='lat' dir='ltr'><strong>peccatum</strong></span> 
     </span>
    </p>
   </div>
   <div class='ocr_carea' id='block_1_43' title="bbox 402 2718 2004 2791">
    <p class='ocr_par' dir='ltr' id='par_1_43' title="bbox 402 2718 2004 2791">
     <span class='ocr_line' id='line_1_43' title="bbox 402 2718 2004 2791; baseline -0.004 -14"><span class='ocrx_word' id='word_1_336' title='bbox 402 2723 546 2778; x_wconf 86' lang='lat' dir='ltr'><strong>inter</strong></span> <span class='ocrx_word' id='word_1_337' title='bbox 574 2723 842 2788; x_wconf 85' lang='lat' dir='ltr'><strong>homines,</strong></span> <span class='ocrx_word' id='word_1_338' title='bbox 878 2730 935 2776; x_wconf 90' lang='lat' dir='ltr'><strong>ut</strong></span> <span class='ocrx_word' id='word_1_339' title='bbox 968 2721 1137 2776; x_wconf 83' lang='lat' dir='ltr'><strong>Jacob</strong></span> <span class='ocrx_word' id='word_1_340' title='bbox 1168 2737 1293 2776; x_wconf 89' lang='lat' dir='ltr'><strong>cum</strong></span> <span class='ocrx_word' id='word_1_341' title='bbox 1330 2721 1470 2776; x_wconf 89' lang='lat' dir='ltr'><strong>idola</strong></span> <span class='ocrx_word' id='word_1_342' title='bbox 1513 2737 1609 2775; x_wconf 89' lang='lat' dir='ltr'><strong>sua</strong></span> <span class='ocrx_word' id='word_1_343' title='bbox 1652 2720 1794 2791; x_wconf 83' lang='lat' dir='ltr'><strong>apud</strong></span> <span class='ocrx_word' id='word_1_344' title='bbox 1839 2718 2004 2778; x_wconf 70' lang='lat' dir='ltr'><strong>illum.</strong></span> 
     </span>
    </p>
   </div>
   <div class='ocr_carea' id='block_1_44' title="bbox 405 2812 1991 2885">
    <p class='ocr_par' dir='ltr' id='par_1_44' title="bbox 405 2812 1991 2885">
     <span class='ocr_line' id='line_1_44' title="bbox 405 2812 1991 2885; baseline -0.001 -18"><span class='ocrx_word' id='word_1_345' title='bbox 405 2824 674 2884; x_wconf 69' lang='lat' dir='ltr'><strong>quaereret</strong></span> <span class='ocrx_word' id='word_1_346' title='bbox 727 2828 883 2869; x_wconf 86' lang='lat' dir='ltr'><strong>socer</strong></span> <span class='ocrx_word' id='word_1_347' title='bbox 906 2814 1022 2884; x_wconf 85' lang='lat' dir='ltr'><strong>ejus</strong></span> <span class='ocrx_word' id='word_1_348' title='bbox 1048 2812 1256 2878; x_wconf 83' lang='lat' dir='ltr'><strong>Laban,</strong></span> <span class='ocrx_word' id='word_1_349' title='bbox 1286 2814 1339 2867; x_wconf 90' lang='lat' dir='ltr'><strong>iu</strong></span> <span class='ocrx_word' id='word_1_350' title='bbox 1363 2829 1471 2885; x_wconf 92' lang='lat' dir='ltr'><strong>quo</strong></span> <span class='ocrx_word' id='word_1_351' title='bbox 1499 2813 1777 2868; x_wconf 88' lang='lat' dir='ltr'><strong>inventum</strong></span> <span class='ocrx_word' id='word_1_352' title='bbox 1800 2812 1991 2866; x_wconf 81' lang='lat' dir='ltr'><strong>fuisset.</strong></span> 
     </span>
    </p>
   </div>
   <div class='ocr_carea' id='block_1_45' title="bbox 404 2904 1992 2977">
    <p class='ocr_par' dir='ltr' id='par_1_45' title="bbox 404 2904 1992 2977">
     <span class='ocr_line' id='line_1_45' title="bbox 404 2904 1992 2977; baseline -0.001 -18"><span class='ocrx_word' id='word_1_353' title='bbox 404 2905 629 2971; x_wconf 77' lang='lat' dir='ltr'><strong>furtum,</strong></span> <span class='ocrx_word' id='word_1_354' title='bbox 685 2914 858 2960; x_wconf 90' lang='lat' dir='ltr'><strong>morte</strong></span> <span class='ocrx_word' id='word_1_355' title='bbox 915 2906 1133 2976; x_wconf 86' lang='lat' dir='ltr'><strong>dignum</strong></span> <span class='ocrx_word' id='word_1_356' title='bbox 1179 2905 1448 2975; x_wconf 87' lang='lat' dir='ltr'><strong>judicaret</strong></span> <span class='ocrx_word' id='word_1_357' title='bbox 1505 2904 1658 2977; x_wconf 82' lang='lat' dir='ltr'><strong>(Cen.</strong></span> <span class='ocrx_word' id='word_1_358' title='bbox 1691 2904 1854 2977; x_wconf 71' lang='lat' dir='ltr'><strong>XXXI)</strong></span> <span class='ocrx_word' id='word_1_359' title='bbox 1885 2922 1897 2959; x_wconf 91' lang='lat'><strong>:</strong></span> <span class='ocrx_word' id='word_1_360' title='bbox 1932 2912 1992 2959; x_wconf 89' lang='lat' dir='ltr'><strong>et</strong></span> 
     </span>
    </p>
   </div>
   <div class='ocr_carea' id='block_1_46' title="bbox 388 2992 1990 3066">
    <p class='ocr_par' dir='ltr' id='par_1_46' title="bbox 388 2992 1990 3066">
     <span class='ocr_line' id='line_1_46' title="bbox 388 2992 1990 3066; baseline 0.001 -17"><span class='ocrx_word' id='word_1_361' title='bbox 388 2994 622 3063; x_wconf 64' lang='lat' dir='ltr'><strong>~Joscpli,</strong></span> <span class='ocrx_word' id='word_1_362' title='bbox 650 2996 896 3065; x_wconf 84' lang='lat' dir='ltr'><strong>quamvis</strong></span> <span class='ocrx_word' id='word_1_363' title='bbox 930 3011 1026 3064; x_wconf 86' lang='lat' dir='ltr'><strong>per</strong></span> <span class='ocrx_word' id='word_1_364' title='bbox 1052 2992 1401 3063; x_wconf 71' lang='lat' dir='ltr'><strong>Calumniam,</strong></span> <span class='ocrx_word' id='word_1_365' title='bbox 1449 3005 1629 3050; x_wconf 88' lang='lat' dir='ltr'><strong>tamen</strong></span> <span class='ocrx_word' id='word_1_366' title='bbox 1663 2998 1823 3066; x_wconf 87' lang='lat' dir='ltr'><strong>quasi</strong></span> <span class='ocrx_word' id='word_1_367' title='bbox 1866 3011 1990 3051; x_wconf 87' lang='lat' dir='ltr'><strong>reus</strong></span> 
     </span>
    </p>
   </div>
   <div class='ocr_carea' id='block_1_47' title="bbox 402 3085 1990 3158">
    <p class='ocr_par' dir='ltr' id='par_1_47' title="bbox 402 3085 1990 3158">
     <span class='ocr_line' id='line_1_47' title="bbox 402 3085 1990 3158; baseline 0.001 -17"><span class='ocrx_word' id='word_1_368' title='bbox 402 3085 619 3141; x_wconf 88' lang='lat' dir='ltr'><strong>clausus</strong></span> <span class='ocrx_word' id='word_1_369' title='bbox 658 3087 713 3140; x_wconf 80' lang='lat' dir='ltr'><strong>iii</strong></span> <span class='ocrx_word' id='word_1_370' title='bbox 741 3102 961 3141; x_wconf 86' lang='lat' dir='ltr'><strong>carcere</strong></span> <span class='ocrx_word' id='word_1_371' title='bbox 1005 3098 1128 3151; x_wconf 87' lang='lat' dir='ltr'><strong>est;</strong></span> <span class='ocrx_word' id='word_1_372' title='bbox 1161 3098 1216 3142; x_wconf 88' lang='lat' dir='ltr'><strong>et</strong></span> <span class='ocrx_word' id='word_1_373' title='bbox 1256 3089 1428 3158; x_wconf 87' lang='lat' dir='ltr'><strong>pistor</strong></span> <span class='ocrx_word' id='word_1_374' title='bbox 1471 3097 1526 3143; x_wconf 87' lang='lat' dir='ltr'><strong>et</strong></span> <span class='ocrx_word' id='word_1_375' title='bbox 1567 3089 1825 3158; x_wconf 89' lang='lat' dir='ltr'><strong>pincerua</strong></span> <span class='ocrx_word' id='word_1_376' title='bbox 1851 3087 1990 3143; x_wconf 81' lang='lat' dir='ltr'><strong>Pha-</strong></span> 
     </span>
    </p>
   </div>
   <div class='ocr_carea' id='block_1_48' title="bbox 2087 1892 3696 1969">
    <p class='ocr_par' dir='ltr' id='par_1_48' title="bbox 2087 1892 3696 1969">
     <span class='ocr_line' id='line_1_48' title="bbox 2087 1892 3696 1969; baseline -0.011 -10"><span class='ocrx_word' id='word_1_377' title='bbox 2087 1904 2348 1968; x_wconf 80' lang='lat' dir='ltr'><strong>homines,</strong></span> <span class='ocrx_word' id='word_1_378' title='bbox 2392 1911 2500 1958; x_wconf 87' lang='lat' dir='ltr'><strong>etc.</strong></span> <span class='ocrx_word' id='word_1_379' title='bbox 2565 1897 2794 1969; x_wconf 61' lang='lat' dir='ltr'><strong>(Amen)</strong></span> <span class='ocrx_word' id='word_1_380' title='bbox 2840 1896 3105 1964; x_wconf 86' lang='lat' dir='ltr'><strong>Quoniam</strong></span> <span class='ocrx_word' id='word_1_381' title='bbox 3154 1907 3262 1948; x_wconf 85' lang='lat' dir='ltr'><strong>non</strong></span> <span class='ocrx_word' id='word_1_382' title='bbox 3312 1892 3696 1960; x_wconf 84' lang='lat' dir='ltr'><strong>imputabatttr</strong></span> 
     </span>
    </p>
   </div>
   <div class='ocr_carea' id='block_1_49' title="bbox 2085 1983 3693 2069">
    <p class='ocr_par' dir='ltr' id='par_1_49' title="bbox 2085 1983 3693 2069">
     <span class='ocr_line' id='line_1_49' title="bbox 2085 1983 3693 2069; baseline -0.012 -15"><span class='ocrx_word' id='word_1_383' title='bbox 2085 2006 2370 2069; x_wconf 83' lang='lat' dir='ltr'><strong>peccatum</strong></span> <span class='ocrx_word' id='word_1_384' title='bbox 2414 2003 2705 2062; x_wconf 81' lang='lat' dir='ltr'><strong>antequam</strong></span> <span class='ocrx_word' id='word_1_385' title='bbox 2751 1990 2834 2046; x_wconf 76' lang='lat' dir='ltr'><strong>lex</strong></span> <span class='ocrx_word' id='word_1_386' title='bbox 2893 1990 3115 2044; x_wconf 86' lang='lat' dir='ltr'><strong>daretur</strong></span> <span class='ocrx_word' id='word_1_387' title='bbox 3141 2000 3240 2057; x_wconf 86' lang='lat' dir='ltr'><strong>per</strong></span> <span class='ocrx_word' id='word_1_388' title='bbox 3267 1983 3507 2056; x_wconf 75' lang='lat' dir='ltr'><strong>Moysen,</strong></span> <span class='ocrx_word' id='word_1_389' title='bbox 3536 1984 3693 2036; x_wconf 80' lang='lat' dir='ltr'><strong>sicut</strong></span> 
     </span>
    </p>
   </div>
   <div class='ocr_carea' id='block_1_50' title="bbox 2088 2076 3694 2160">
    <p class='ocr_par' dir='ltr' id='par_1_50' title="bbox 2088 2076 3694 2160">
     <span class='ocr_line' id='line_1_50' title="bbox 2088 2076 3694 2160; baseline -0.014 -13"><span class='ocrx_word' id='word_1_390' title='bbox 2088 2091 2220 2155; x_wconf 77' lang='lat' dir='ltr'><strong>dixi,</strong></span> <span class='ocrx_word' id='word_1_391' title='bbox 2276 2090 2392 2160; x_wconf 89' lang='lat' dir='ltr'><strong>ipsa</strong></span> <span class='ocrx_word' id='word_1_392' title='bbox 2434 2084 2806 2155; x_wconf 81' lang='lat' dir='ltr'><strong>usurpationis</strong></span> <span class='ocrx_word' id='word_1_393' title='bbox 2855 2081 3176 2151; x_wconf 87' lang='lat' dir='ltr'><strong>impunitate</strong></span> <span class='ocrx_word' id='word_1_394' title='bbox 3204 2076 3465 2147; x_wconf 80' lang='lat' dir='ltr'><strong>regnabat</strong></span> <span class='ocrx_word' id='word_1_395' title='bbox 3506 2089 3694 2137; x_wconf 85' lang='lat' dir='ltr'><strong>mors,</strong></span> 
     </span>
    </p>
   </div>
   <div class='ocr_carea' id='block_1_51' title="bbox 2089 2172 3701 2243">
    <p class='ocr_par' dir='ltr' id='par_1_51' title="bbox 2089 2172 3701 2243">
     <span class='ocr_line' id='line_1_51' title="bbox 2089 2172 3701 2243; baseline -0.014 -3"><span class='ocrx_word' id='word_1_396' title='bbox 2089 2184 2267 2241; x_wconf 85' lang='lat' dir='ltr'><strong>sciens</strong></span> <span class='ocrx_word' id='word_1_397' title='bbox 2298 2182 2399 2236; x_wconf 88' lang='lat' dir='ltr'><strong>sibi</strong></span> <span class='ocrx_word' id='word_1_398' title='bbox 2428 2179 2552 2234; x_wconf 82' lang='lat' dir='ltr'><strong>illos</strong></span> <span class='ocrx_word' id='word_1_399' title='bbox 2581 2179 2823 2231; x_wconf 76' lang='lat' dir='ltr'><strong>deVotos.</strong></span> <span class='ocrx_word' id='word_1_400' title='bbox 2866 2172 3149 2243; x_wconf 81' lang='lat' dir='ltr'><strong>Regnabat</strong></span> <span class='ocrx_word' id='word_1_401' title='bbox 3184 2182 3317 2237; x_wconf 86' lang='lat' dir='ltr'><strong>ergo</strong></span> <span class='ocrx_word' id='word_1_402' title='bbox 3346 2180 3491 2221; x_wconf 85' lang='lat' dir='ltr'><strong>mors</strong></span> <span class='ocrx_word' id='word_1_403' title='bbox 3526 2179 3701 2220; x_wconf 80' lang='lat' dir='ltr'><strong>secu-</strong></span> 
     </span>
    </p>
   </div>
   <div class='ocr_carea' id='block_1_52' title="bbox 2088 2257 3702 2331">
    <p class='ocr_par' dir='ltr' id='par_1_52' title="bbox 2088 2257 3702 2331">
     <span class='ocr_line' id='line_1_52' title="bbox 2088 2257 3702 2331; baseline -0.013 -2"><span class='ocrx_word' id='word_1_404' title='bbox 2088 2275 2252 2330; x_wconf 88' lang='lat' dir='ltr'><strong>ritate</strong></span> <span class='ocrx_word' id='word_1_405' title='bbox 2276 2268 2666 2327; x_wconf 81' lang='lat' dir='ltr'><strong>dominationis</strong></span> <span class='ocrx_word' id='word_1_406' title='bbox 2693 2281 2828 2331; x_wconf 66' lang='lat' dir='ltr'><strong>sum,</strong></span> <span class='ocrx_word' id='word_1_407' title='bbox 2873 2273 2983 2319; x_wconf 89' lang='lat' dir='ltr'><strong>tam</strong></span> <span class='ocrx_word' id='word_1_408' title='bbox 3019 2262 3204 2316; x_wconf 83' lang='lat' dir='ltr'><strong>inhos</strong></span> <span class='ocrx_word' id='word_1_409' title='bbox 3240 2259 3333 2329; x_wconf 87' lang='lat' dir='ltr'><strong>qui</strong></span> <span class='ocrx_word' id='word_1_410' title='bbox 3374 2257 3439 2311; x_wconf 84' lang='lat' dir='ltr'><strong>ad</strong></span> <span class='ocrx_word' id='word_1_411' title='bbox 3466 2265 3702 2326; x_wconf 76' lang='lat' dir='ltr'><strong>tempus</strong></span> 
     </span>
    </p>
   </div>
   <div class='ocr_carea' id='block_1_53' title="bbox 2089 2348 3698 2431">
    <p class='ocr_par' dir='ltr' id='par_1_53' title="bbox 2089 2348 3698 2431">
     <span class='ocr_line' id='line_1_53' title="bbox 2089 2348 3698 2431; baseline -0.013 -10"><span class='ocrx_word' id='word_1_412' title='bbox 2089 2352 2411 2428; x_wconf 80' lang='lat' dir='ltr'><strong>evadebant,</strong></span> <span class='ocrx_word' id='word_1_413' title='bbox 2444 2374 2605 2431; x_wconf 89' lang='lat' dir='ltr'><strong>quam</strong></span> <span class='ocrx_word' id='word_1_414' title='bbox 2645 2360 2702 2413; x_wconf 87' lang='lat' dir='ltr'><strong>in</strong></span> <span class='ocrx_word' id='word_1_415' title='bbox 2738 2358 2895 2420; x_wconf 87' lang='lat' dir='ltr'><strong>istos,</strong></span> <span class='ocrx_word' id='word_1_416' title='bbox 2926 2355 3019 2424; x_wconf 88' lang='lat' dir='ltr'><strong>qui</strong></span> <span class='ocrx_word' id='word_1_417' title='bbox 3046 2354 3214 2407; x_wconf 84' lang='lat' dir='ltr'><strong>etiam</strong></span> <span class='ocrx_word' id='word_1_418' title='bbox 3242 2351 3332 2406; x_wconf 88' lang='lat' dir='ltr'><strong>hic</strong></span> <span class='ocrx_word' id='word_1_419' title='bbox 3359 2360 3552 2421; x_wconf 71' lang='lat' dir='ltr'><strong>pmnas</strong></span> <span class='ocrx_word' id='word_1_420' title='bbox 3582 2348 3698 2402; x_wconf 68' lang='lat' dir='ltr'><strong>th-</strong></span> 
     </span>
    </p>
   </div>
   <div class='ocr_carea' id='block_1_54' title="bbox 2089 2445 3699 2526">
    <p class='ocr_par' dir='ltr' id='par_1_54' title="bbox 2089 2445 3699 2526">
     <span class='ocr_line' id='line_1_54' title="bbox 2089 2445 3699 2526; baseline -0.011 -13"><span class='ocrx_word' id='word_1_421' title='bbox 2089 2460 2223 2514; x_wconf 88' lang='lat' dir='ltr'><strong>bant</strong></span> <span class='ocrx_word' id='word_1_422' title='bbox 2248 2471 2346 2526; x_wconf 90' lang='lat' dir='ltr'><strong>pro</strong></span> <span class='ocrx_word' id='word_1_423' title='bbox 2376 2454 2534 2510; x_wconf 85' lang='lat' dir='ltr'><strong>malis</strong></span> <span class='ocrx_word' id='word_1_424' title='bbox 2559 2450 2817 2523; x_wconf 86' lang='lat' dir='ltr'><strong>operibus</strong></span> <span class='ocrx_word' id='word_1_425' title='bbox 2844 2450 2977 2504; x_wconf 70' lang='lat' dir='ltr'><strong>suis.</strong></span> <span class='ocrx_word' id='word_1_426' title='bbox 3006 2447 3208 2502; x_wconf 83' lang='lat' dir='ltr'><strong>Ovnnes</strong></span> <span class='ocrx_word' id='word_1_427' title='bbox 3237 2445 3382 2500; x_wconf 86' lang='lat' dir='ltr'><strong>enim</strong></span> <span class='ocrx_word' id='word_1_428' title='bbox 3406 2454 3538 2499; x_wconf 81' lang='lat' dir='ltr'><strong>suos</strong></span> <span class='ocrx_word' id='word_1_429' title='bbox 3560 2456 3699 2497; x_wconf 76' lang='lat' dir='ltr'><strong>esse</strong></span> 
     </span>
    </p>
   </div>
   <div class='ocr_carea' id='block_1_55' title="bbox 2088 2534 3697 2615">
    <p class='ocr_par' dir='ltr' id='par_1_55' title="bbox 2088 2534 3697 2615">
     <span class='ocr_line' id='line_1_55' title="bbox 2088 2534 3697 2615; baseline -0.012 -10"><span class='ocrx_word' id='word_1_430' title='bbox 2088 2549 2323 2612; x_wconf 75' lang='lat' dir='ltr'><strong>videbat;</strong></span> <span class='ocrx_word' id='word_1_431' title='bbox 2368 2545 2494 2615; x_wconf 87' lang='lat' dir='ltr'><strong>quia</strong></span> <span class='ocrx_word' id='word_1_432' title='bbox 2530 2544 2621 2615; x_wconf 72' lang='lat' dir='ltr'><strong>qui</strong></span> <span class='ocrx_word' id='word_1_433' title='bbox 2666 2541 2792 2596; x_wconf 71' lang='lat' dir='ltr'><strong>facit</strong></span> <span class='ocrx_word' id='word_1_434' title='bbox 2836 2548 3136 2602; x_wconf 72' lang='lat' dir='ltr'><strong>peccatum,</strong></span> <span class='ocrx_word' id='word_1_435' title='bbox 3180 2552 3357 2590; x_wconf 78' lang='lat' dir='ltr'><strong>servus</strong></span> <span class='ocrx_word' id='word_1_436' title='bbox 3382 2543 3460 2588; x_wconf 80' lang='lat' dir='ltr'><strong>est</strong></span> <span class='ocrx_word' id='word_1_437' title='bbox 3480 2534 3697 2602; x_wconf 69' lang='lat' dir='ltr'><strong>peccari</strong></span> 
     </span>
    </p>
   </div>
   <div class='ocr_carea' id='block_1_56' title="bbox 2091 2625 3694 2714">
    <p class='ocr_par' dir='ltr' id='par_1_56' title="bbox 2091 2625 3694 2714">
     <span class='ocr_line' id='line_1_56' title="bbox 2091 2625 3694 2714; baseline -0.011 -19"><span class='ocrx_word' id='word_1_438' title='bbox 2091 2640 2146 2714; x_wconf 72' lang='grc'><strong>(1</strong></span> <span class='ocrx_word' id='word_1_439' title='bbox 2152 2656 2273 2694; x_wconf 81' lang='lat' dir='ltr'><strong>ean.</strong></span> <span class='ocrx_word' id='word_1_440' title='bbox 2290 2638 2445 2709; x_wconf 89' lang='lat' dir='ltr'><strong>vnl);</strong></span> <span class='ocrx_word' id='word_1_441' title='bbox 2483 2633 2869 2705; x_wconf 80' lang='lat' dir='ltr'><strong>impune&#39;euim</strong></span> <span class='ocrx_word' id='word_1_442' title='bbox 2897 2632 3090 2687; x_wconf 77' lang='lat' dir='ltr'><strong>cedere</strong></span> <span class='ocrx_word' id='word_1_443' title='bbox 3112 2636 3368 2699; x_wconf 79' lang='lat' dir='ltr'><strong>putantes</strong></span> <span class='ocrx_word' id='word_1_444' title='bbox 3392 2627 3563 2695; x_wconf 81' lang='lat' dir='ltr'><strong>magis</strong></span> <span class='ocrx_word' id='word_1_445' title='bbox 3588 2625 3694 2678; x_wconf 78' lang='lat' dir='ltr'><strong>de-</strong></span> 
     </span>
    </p>
   </div>
   <div class='ocr_carea' id='block_1_57' title="bbox 2091 2718 3691 2800">
    <p class='ocr_par' dir='ltr' id='par_1_57' title="bbox 2091 2718 3691 2800">
     <span class='ocr_line' id='line_1_57' title="bbox 2091 2718 3691 2800; baseline -0.01 -14"><span class='ocrx_word' id='word_1_446' title='bbox 2091 2724 2584 2800; x_wconf 67' lang='lat' dir='ltr'><strong>linquehan&#39;t,circa</strong></span> <span class='ocrx_word' id='word_1_447' title='bbox 2604 2726 2720 2780; x_wconf 68' lang='lat' dir='ltr'><strong>haec</strong></span> <span class='ocrx_word' id='word_1_448' title='bbox 2734 2733 2913 2778; x_wconf 84' lang='lat' dir='ltr'><strong>tamen</strong></span> <span class='ocrx_word' id='word_1_449' title='bbox 2928 2729 3149 2791; x_wconf 83' lang='lat' dir='ltr'><strong>peccata</strong></span> <span class='ocrx_word' id='word_1_450' title='bbox 3162 2718 3547 2789; x_wconf 79' lang='lat' dir='ltr'><strong>promptiores,</strong></span> <span class='ocrx_word' id='word_1_451' title='bbox 3559 2726 3691 2785; x_wconf 64' lang='lat' dir='ltr'><strong>W8</strong></span> 
     </span>
    </p>
   </div>
   <div class='ocr_carea' id='block_1_58' title="bbox 2091 2808 3689 2891">
    <p class='ocr_par' dir='ltr' id='par_1_58' title="bbox 2091 2808 3689 2891">
     <span class='ocr_line' id='line_1_58' title="bbox 2091 2808 3689 2891; baseline -0.012 -12"><span class='ocrx_word' id='word_1_452' title='bbox 2091 2823 2328 2878; x_wconf 84' lang='lat' dir='ltr'><strong>mundus</strong></span> <span class='ocrx_word' id='word_1_453' title='bbox 2367 2820 2523 2891; x_wconf 84' lang='lat' dir='ltr'><strong>quasi</strong></span> <span class='ocrx_word' id='word_1_454' title='bbox 2569 2818 2714 2874; x_wconf 87' lang='lat' dir='ltr'><strong>licita</strong></span> <span class='ocrx_word' id='word_1_455' title='bbox 2744 2816 3039 2872; x_wconf 75' lang='lat' dir='ltr'><strong>nutriebat.</strong></span> <span class='ocrx_word' id='word_1_456' title='bbox 3092 2812 3211 2881; x_wconf 84' lang='lat' dir='ltr'><strong>Quo</strong></span> <span class='ocrx_word' id='word_1_457' title='bbox 3239 2810 3386 2866; x_wconf 79' lang='lat' dir='ltr'><strong>facto</strong></span> <span class='ocrx_word' id='word_1_458' title='bbox 3410 2808 3689 2879; x_wconf 78' lang='lat' dir='ltr'><strong>gaudebat</strong></span> 
     </span>
    </p>
   </div>
   <div class='ocr_carea' id='block_1_59' title="bbox 2092 2898 3687 2979">
    <p class='ocr_par' dir='ltr' id='par_1_59' title="bbox 2092 2898 3687 2979">
     <span class='ocr_line' id='line_1_59' title="bbox 2092 2898 3687 2979; baseline -0.011 -11"><span class='ocrx_word' id='word_1_459' title='bbox 2092 2924 2331 2977; x_wconf 84' lang='lat' dir='ltr'><strong>satanas,</strong></span> <span class='ocrx_word' id='word_1_460' title='bbox 2363 2926 2590 2967; x_wconf 84' lang='lat' dir='ltr'><strong>securus</strong></span> <span class='ocrx_word' id='word_1_461' title='bbox 2638 2907 2784 2979; x_wconf 85' lang='lat' dir='ltr'><strong>quod</strong></span> <span class='ocrx_word' id='word_1_462' title='bbox 2826 2922 2990 2961; x_wconf 83' lang='lat' dir='ltr'><strong>causa</strong></span> <span class='ocrx_word' id='word_1_463' title='bbox 3016 2904 3148 2959; x_wconf 65' lang='lat' dir='ltr'><strong>Adae</strong></span> <span class='ocrx_word' id='word_1_464' title='bbox 3198 2902 3448 2957; x_wconf 78' lang='lat' dir='ltr'><strong>relictum</strong></span> <span class='ocrx_word' id='word_1_465' title='bbox 3492 2913 3527 2953; x_wconf 82' lang='grc' dir='ltr'>ι</span> <span class='ocrx_word' id='word_1_466' title='bbox 3568 2898 3687 2952; x_wconf 81' lang='lat' dir='ltr'><strong>Deo</strong></span> 
     </span>
    </p>
   </div>
   <div class='ocr_carea' id='block_1_60' title="bbox 2092 2993 3685 3072">
    <p class='ocr_par' dir='ltr' id='par_1_60' title="bbox 2092 2993 3685 3072">
     <span class='ocr_line' id='line_1_60' title="bbox 2092 2993 3685 3072; baseline -0.011 -11"><span class='ocrx_word' id='word_1_467' title='bbox 2092 3005 2365 3061; x_wconf 86' lang='lat' dir='ltr'><strong>hominem</strong></span> <span class='ocrx_word' id='word_1_468' title='bbox 2418 3004 2473 3058; x_wconf 87' lang='lat' dir='ltr'><strong>in</strong></span> <span class='ocrx_word' id='word_1_469' title='bbox 2505 3001 2903 3072; x_wconf 82' lang='lat' dir='ltr'><strong>possessionem</strong></span> <span class='ocrx_word' id='word_1_470' title='bbox 2935 2997 3187 3053; x_wconf 76' lang='lat' dir='ltr'><strong>habebat.</strong></span> <span class='ocrx_word' id='word_1_471' title='bbox 3226 2993 3506 3065; x_wconf 72' lang='lat' dir='ltr'><strong>Regnabat</strong></span> <span class='ocrx_word' id='word_1_472' title='bbox 3550 3004 3685 3060; x_wconf 75' lang='lat' dir='ltr'><strong>ergo</strong></span> 
     </span>
    </p>
   </div>
   <div class='ocr_carea' id='block_1_61' title="bbox 2092 3079 3686 3165">
    <p class='ocr_par' dir='ltr' id='par_1_61' title="bbox 2092 3079 3686 3165">
     <span class='ocr_line' id='line_1_61' title="bbox 2092 3079 3686 3165; baseline -0.011 -12"><span class='ocrx_word' id='word_1_473' title='bbox 2092 3113 2241 3153; x_wconf 84' lang='lat' dir='ltr'><strong>mors</strong></span> <span class='ocrx_word' id='word_1_474' title='bbox 2268 3098 2322 3151; x_wconf 85' lang='lat' dir='ltr'><strong>in</strong></span> <span class='ocrx_word' id='word_1_475' title='bbox 2352 3111 2444 3151; x_wconf 91' lang='lat' dir='ltr'><strong>eos</strong></span> <span class='ocrx_word' id='word_1_476' title='bbox 2465 3093 2556 3165; x_wconf 85' lang='lat' dir='ltr'><strong>qui</strong></span> <span class='ocrx_word' id='word_1_477' title='bbox 2602 3100 2941 3163; x_wconf 75' lang='lat' dir='ltr'><strong>peccauerunt</strong></span> <span class='ocrx_word' id='word_1_478' title='bbox 2976 3090 3034 3143; x_wconf 85' lang='lat' dir='ltr'><strong>in</strong></span> <span class='ocrx_word' id='word_1_479' title='bbox 3061 3079 3438 3142; x_wconf 40' lang='lat' dir='ltr'><strong>similitudine</strong></span> <span class='ocrx_word' id='word_1_480' title='bbox 3480 3096 3686 3154; x_wconf 42' lang='lat' dir='ltr'><strong>prter”</strong></span> 
     </span>
    </p>
   </div>
   <div class='ocr_carea' id='block_1_62' title="bbox 403 3174 3686 3254">
    <p class='ocr_par' dir='ltr' id='par_1_62' title="bbox 403 3174 3686 3254">
     <span class='ocr_line' id='line_1_62' title="bbox 403 3174 3686 3254; baseline 0.002 -23"><span class='ocrx_word' id='word_1_481' title='bbox 403 3176 589 3231; x_wconf 82' lang='lat' dir='ltr'><strong>raonis</strong></span> <span class='ocrx_word' id='word_1_482' title='bbox 626 3176 696 3231; x_wconf 91' lang='lat' dir='ltr'><strong>ob</strong></span> <span class='ocrx_word' id='word_1_483' title='bbox 730 3176 981 3232; x_wconf 84' lang='lat' dir='ltr'><strong>delictum</strong></span> <span class='ocrx_word' id='word_1_484' title='bbox 1013 3179 1261 3233; x_wconf 86' lang='lat' dir='ltr'><strong>similiter</strong></span> <span class='ocrx_word' id='word_1_485' title='bbox 1290 3182 1435 3248; x_wconf 85' lang='lat' dir='ltr'><strong>passi</strong></span> <span class='ocrx_word' id='word_1_486' title='bbox 1466 3190 1624 3235; x_wconf 89' lang='lat' dir='ltr'><strong>sunt:</strong></span> <span class='ocrx_word' id='word_1_487' title='bbox 1658 3190 1715 3235; x_wconf 89' lang='lat' dir='ltr'><strong>et</strong></span> <span class='ocrx_word' id='word_1_488' title='bbox 1752 3181 1986 3250; x_wconf 85' lang='lat' dir='ltr'><strong>Moyses,</strong></span> <span class='ocrx_word' id='word_1_489' title='bbox 2016 3181 2063 3244; x_wconf 89' lang='lat' dir='ltr'>C</span> <span class='ocrx_word' id='word_1_490' title='bbox 2094 3188 2367 3243; x_wconf 70' lang='lat' dir='ltr'><strong>ricationis</strong></span> <span class='ocrx_word' id='word_1_491' title='bbox 2396 3186 2547 3248; x_wconf 62' lang='lat' dir='ltr'><strong>Ades,</strong></span> <span class='ocrx_word' id='word_1_492' title='bbox 2575 3185 2669 3254; x_wconf 87' lang='lat' dir='ltr'><strong>qui</strong></span> <span class='ocrx_word' id='word_1_493' title='bbox 2700 3191 2790 3238; x_wconf 82' lang='lat' dir='ltr'><strong>est</strong></span> <span class='ocrx_word' id='word_1_494' title='bbox 2821 3182 2996 3237; x_wconf 77' lang='lat' dir='ltr'><strong>ferina</strong></span> <span class='ocrx_word' id='word_1_495' title='bbox 3024 3179 3214 3243; x_wconf 78' lang='lat' dir='ltr'><strong>futuri,</strong></span> <span class='ocrx_word' id='word_1_496' title='bbox 3242 3178 3389 3248; x_wconf 72' lang='grc' dir='ltr'>(ιιιϋὰ</span> <span class='ocrx_word' id='word_1_497' title='bbox 3418 3177 3473 3230; x_wconf 80' lang='lat' dir='ltr'><strong>in</strong></span> <span class='ocrx_word' id='word_1_498' title='bbox 3503 3174 3686 3245; x_wconf 69' lang='lat' dir='ltr'><strong>subie-</strong></span> 
     </span>
    </p>
   </div>
   <div class='ocr_carea' id='block_1_63' title="bbox 402 3269 1991 3345">
    <p class='ocr_par' dir='ltr' id='par_1_63' title="bbox 402 3269 1991 3345">
     <span class='ocr_line' id='line_1_63' title="bbox 402 3269 1991 3345; baseline 0.003 -20"><span class='ocrx_word' id='word_1_499' title='bbox 402 3269 584 3325; x_wconf 90' lang='lat' dir='ltr'><strong>occiso</strong></span> <span class='ocrx_word' id='word_1_500' title='bbox 616 3269 889 3341; x_wconf 61' lang='lat' dir='ltr'><strong>zEgyptio,</strong></span> <span class='ocrx_word' id='word_1_501' title='bbox 934 3270 1212 3326; x_wconf 84' lang='lat' dir='ltr'><strong>atterritus</strong></span> <span class='ocrx_word' id='word_1_502' title='bbox 1245 3271 1361 3342; x_wconf 86' lang='lat' dir='ltr'><strong>lege</strong></span> <span class='ocrx_word' id='word_1_503' title='bbox 1395 3281 1497 3327; x_wconf 87' lang='lat' dir='ltr'><strong>est.</strong></span> <span class='ocrx_word' id='word_1_504' title='bbox 1534 3272 1812 3339; x_wconf 86' lang='lat' dir='ltr'><strong>Quomodo</strong></span> <span class='ocrx_word' id='word_1_505' title='bbox 1859 3289 1991 3345; x_wconf 90' lang='lat' dir='ltr'><strong>ergo</strong></span> 
     </span>
    </p>
   </div>
   <div class='ocr_carea' id='block_1_64' title="bbox 402 3361 1992 3431">
    <p class='ocr_par' dir='ltr' id='par_1_64' title="bbox 402 3361 1992 3431">
     <span class='ocr_line' id='line_1_64' title="bbox 402 3361 1992 3431; baseline 0.002 -13"><span class='ocrx_word' id='word_1_506' title='bbox 402 3378 510 3418; x_wconf 91' lang='lat' dir='ltr'><strong>non</strong></span> <span class='ocrx_word' id='word_1_507' title='bbox 551 3361 914 3430; x_wconf 80' lang='lat' dir='ltr'><strong>imputabatur</strong></span> <span class='ocrx_word' id='word_1_508' title='bbox 949 3373 1231 3431; x_wconf 87' lang='lat' dir='ltr'><strong>peccatum</strong></span> <span class='ocrx_word' id='word_1_509' title='bbox 1268 3378 1391 3418; x_wconf 90' lang='lat' dir='ltr'><strong>cum</strong></span> <span class='ocrx_word' id='word_1_510' title='bbox 1420 3362 1505 3417; x_wconf 82' lang='lat' dir='ltr'><strong>lex</strong></span> <span class='ocrx_word' id='word_1_511' title='bbox 1539 3379 1645 3418; x_wconf 91' lang='lat' dir='ltr'><strong>non</strong></span> <span class='ocrx_word' id='word_1_512' title='bbox 1675 3365 1855 3420; x_wconf 89' lang='lat' dir='ltr'><strong>esset?</strong></span> <span class='ocrx_word' id='word_1_513' title='bbox 1901 3374 1992 3421; x_wconf 89' lang='lat' dir='ltr'><strong>aut</strong></span> 
     </span>
    </p>
   </div>
   <div class='ocr_carea' id='block_1_65' title="bbox 405 3452 1993 3523">
    <p class='ocr_par' dir='ltr' id='par_1_65' title="bbox 405 3452 1993 3523">
     <span class='ocr_line' id='line_1_65' title="bbox 405 3452 1993 3523; baseline 0.003 -16"><span class='ocrx_word' id='word_1_514' title='bbox 405 3453 673 3523; x_wconf 88' lang='lat' dir='ltr'><strong>quomodo</strong></span> <span class='ocrx_word' id='word_1_515' title='bbox 690 3452 1084 3520; x_wconf 87' lang='lat' dir='ltr'><strong>vindicabatur,</strong></span> <span class='ocrx_word' id='word_1_516' title='bbox 1104 3455 1207 3509; x_wconf 91' lang='lat' dir='ltr'><strong>nisi</strong></span> <span class='ocrx_word' id='word_1_517' title='bbox 1224 3454 1310 3509; x_wconf 84' lang='lat' dir='ltr'><strong>lex</strong></span> <span class='ocrx_word' id='word_1_518' title='bbox 1330 3455 1716 3510; x_wconf 82' lang='lat' dir='ltr'><strong>sciretur?Lex</strong></span> <span class='ocrx_word' id='word_1_519' title='bbox 1730 3458 1993 3514; x_wconf 84' lang='lat' dir='ltr'><strong>naturalis</strong></span> 
     </span>
    </p>
   </div>
   <div class='ocr_carea' id='block_1_66' title="bbox 404 3545 1994 3617">
    <p class='ocr_par' dir='ltr' id='par_1_66' title="bbox 404 3545 1994 3617">
     <span class='ocr_line' id='line_1_66' title="bbox 404 3545 1994 3617; baseline 0.001 -15"><span class='ocrx_word' id='word_1_520' title='bbox 404 3558 619 3616; x_wconf 86' lang='lat' dir='ltr'><strong>semper</strong></span> <span class='ocrx_word' id='word_1_521' title='bbox 632 3554 734 3610; x_wconf 85' lang='lat' dir='ltr'><strong>est,</strong></span> <span class='ocrx_word' id='word_1_522' title='bbox 762 3561 863 3600; x_wconf 88' lang='lat' dir='ltr'><strong>nec</strong></span> <span class='ocrx_word' id='word_1_523' title='bbox 885 3545 1234 3616; x_wconf 86' lang='lat' dir='ltr'><strong>ignorabatur</strong></span> <span class='ocrx_word' id='word_1_524' title='bbox 1250 3546 1559 3616; x_wconf 83' lang='lat' dir='ltr'><strong>aliquando,</strong></span> <span class='ocrx_word' id='word_1_525' title='bbox 1591 3549 1684 3602; x_wconf 90' lang='lat' dir='ltr'><strong>sed</strong></span> <span class='ocrx_word' id='word_1_526' title='bbox 1699 3549 1994 3617; x_wconf 79' lang='lat' dir='ltr'><strong>putabatur</strong></span> 
     </span>
    </p>
   </div>
   <div class='ocr_carea' id='block_1_67' title="bbox 403 3636 1991 3710">
    <p class='ocr_par' dir='ltr' id='par_1_67' title="bbox 403 3636 1991 3710">
     <span class='ocr_line' id='line_1_67' title="bbox 403 3636 1991 3710; baseline 0.002 -18"><span class='ocrx_word' id='word_1_527' title='bbox 403 3637 471 3692; x_wconf 91' lang='lat' dir='ltr'><strong>ad</strong></span> <span class='ocrx_word' id='word_1_528' title='bbox 503 3646 713 3706; x_wconf 87' lang='lat' dir='ltr'><strong>tempus</strong></span> <span class='ocrx_word' id='word_1_529' title='bbox 744 3645 952 3692; x_wconf 90' lang='lat' dir='ltr'><strong>tantum</strong></span> <span class='ocrx_word' id='word_1_530' title='bbox 978 3636 1357 3692; x_wconf 84' lang='lat' dir='ltr'><strong>auctoritatem</strong></span> <span class='ocrx_word' id='word_1_531' title='bbox 1381 3639 1605 3703; x_wconf 88' lang='lat' dir='ltr'><strong>habere,</strong></span> <span class='ocrx_word' id='word_1_532' title='bbox 1630 3653 1731 3694; x_wconf 88' lang='lat' dir='ltr'><strong>nec</strong></span> <span class='ocrx_word' id='word_1_533' title='bbox 1756 3648 1809 3694; x_wconf 87' lang='lat' dir='ltr'><strong>et</strong></span> <span class='ocrx_word' id='word_1_534' title='bbox 1852 3641 1991 3710; x_wconf 90' lang='lat' dir='ltr'><strong>apud</strong></span> 
     </span>
    </p>
   </div>
   <div class='ocr_carea' id='block_1_68' title="bbox 404 3726 1993 3800">
    <p class='ocr_par' dir='ltr' id='par_1_68' title="bbox 404 3726 1993 3800">
     <span class='ocr_line' id='line_1_68' title="bbox 404 3726 1993 3800; baseline 0.003 -18"><span class='ocrx_word' id='word_1_535' title='bbox 404 3728 572 3783; x_wconf 89' lang='lat' dir='ltr'><strong>Deum</strong></span> <span class='ocrx_word' id='word_1_536' title='bbox 586 3744 707 3784; x_wconf 89' lang='lat' dir='ltr'><strong>reos</strong></span> <span class='ocrx_word' id='word_1_537' title='bbox 733 3726 912 3783; x_wconf 80' lang='lat' dir='ltr'><strong>facere</strong></span> <span class='ocrx_word' id='word_1_538' title='bbox 929 3748 942 3783; x_wconf 84' lang='lat'><strong>:</strong></span> <span class='ocrx_word' id='word_1_539' title='bbox 962 3728 1311 3800; x_wconf 86' lang='lat' dir='ltr'><strong>ignorabatur</strong></span> <span class='ocrx_word' id='word_1_540' title='bbox 1330 3731 1475 3784; x_wconf 87' lang='lat' dir='ltr'><strong>enim</strong></span> <span class='ocrx_word' id='word_1_541' title='bbox 1503 3731 1630 3799; x_wconf 87' lang='lat' dir='ltr'><strong>quia</strong></span> <span class='ocrx_word' id='word_1_542' title='bbox 1648 3729 1993 3800; x_wconf 87' lang='lat' dir='ltr'><strong>judicaturus</strong></span> 
     </span>
    </p>
   </div>
   <div class='ocr_carea' id='block_1_69' title="bbox 403 3821 1995 3895">
    <p class='ocr_par' dir='ltr' id='par_1_69' title="bbox 403 3821 1995 3895">
     <span class='ocr_line' id='line_1_69' title="bbox 403 3821 1995 3895; baseline 0.001 -19"><span class='ocrx_word' id='word_1_543' title='bbox 403 3831 487 3876; x_wconf 87' lang='lat' dir='ltr'><strong>est</strong></span> <span class='ocrx_word' id='word_1_544' title='bbox 511 3821 651 3875; x_wconf 87' lang='lat' dir='ltr'><strong>Deus</strong></span> <span class='ocrx_word' id='word_1_545' title='bbox 674 3837 844 3894; x_wconf 85' lang='lat' dir='ltr'><strong>genus</strong></span> <span class='ocrx_word' id='word_1_546' title='bbox 866 3823 1180 3885; x_wconf 87' lang='lat' dir='ltr'><strong>humanum,</strong></span> <span class='ocrx_word' id='word_1_547' title='bbox 1197 3824 1488 3893; x_wconf 86' lang='lat' dir='ltr'><strong>aeperhoc</strong></span> <span class='ocrx_word' id='word_1_548' title='bbox 1507 3840 1614 3879; x_wconf 88' lang='lat' dir='ltr'><strong>non</strong></span> <span class='ocrx_word' id='word_1_549' title='bbox 1629 3825 1995 3895; x_wconf 83' lang='lat' dir='ltr'><strong>imputabatur</strong></span> 
     </span>
    </p>
   </div>
   <div class='ocr_carea' id='block_1_70' title="bbox 404 3914 1996 3987">
    <p class='ocr_par' dir='ltr' id='par_1_70' title="bbox 404 3914 1996 3987">
     <span class='ocr_line' id='line_1_70' title="bbox 404 3914 1996 3987; baseline 0.001 -19"><span class='ocrx_word' id='word_1_550' title='bbox 404 3922 708 3984; x_wconf 86' lang='lat' dir='ltr'><strong>peccatum,</strong></span> <span class='ocrx_word' id='word_1_551' title='bbox 758 3914 911 3983; x_wconf 87' lang='lat' dir='ltr'><strong>quasi</strong></span> <span class='ocrx_word' id='word_1_552' title='bbox 941 3923 1223 3982; x_wconf 84' lang='lat' dir='ltr'><strong>peccatum</strong></span> <span class='ocrx_word' id='word_1_553' title='bbox 1250 3930 1358 3968; x_wconf 89' lang='lat' dir='ltr'><strong>non</strong></span> <span class='ocrx_word' id='word_1_554' title='bbox 1385 3916 1657 3987; x_wconf 88' lang='lat' dir='ltr'><strong>c0gnitum</strong></span> <span class='ocrx_word' id='word_1_555' title='bbox 1678 3925 1825 3971; x_wconf 86' lang='lat' dir='ltr'><strong>esset</strong></span> <span class='ocrx_word' id='word_1_556' title='bbox 1850 3915 1996 3986; x_wconf 84' lang='lat' dir='ltr'><strong>apud</strong></span> 
     </span>
    </p>
   </div>
   <div class='ocr_carea' id='block_1_71' title="bbox 406 4003 1994 4068">
    <p class='ocr_par' dir='ltr' id='par_1_71' title="bbox 406 4003 1994 4068">
     <span class='ocr_line' id='line_1_71' title="bbox 406 4003 1994 4068; baseline 0.003 -12"><span class='ocrx_word' id='word_1_557' title='bbox 406 4003 595 4068; x_wconf 89' lang='lat' dir='ltr'><strong>Deum,</strong></span> <span class='ocrx_word' id='word_1_558' title='bbox 615 4004 942 4058; x_wconf 87' lang='lat' dir='ltr'><strong>incuriosum</strong></span> <span class='ocrx_word' id='word_1_559' title='bbox 960 4006 1130 4064; x_wconf 86' lang='lat' dir='ltr'><strong>Deum</strong></span> <span class='ocrx_word' id='word_1_560' title='bbox 1150 4015 1473 4061; x_wconf 83' lang='lat' dir='ltr'><strong>asserentes.</strong></span> <span class='ocrx_word' id='word_1_561' title='bbox 1488 4006 1559 4059; x_wconf 89' lang='lat' dir='ltr'><strong>At</strong></span> <span class='ocrx_word' id='word_1_562' title='bbox 1581 4007 1670 4062; x_wconf 90' lang='lat' dir='ltr'><strong>ubi</strong></span> <span class='ocrx_word' id='word_1_563' title='bbox 1694 4016 1874 4061; x_wconf 85' lang='lat' dir='ltr'><strong>autem</strong></span> <span class='ocrx_word' id='word_1_564' title='bbox 1908 4008 1994 4061; x_wconf 80' lang='lat' dir='ltr'><strong>lex</strong></span> 
     </span>
    </p>
   </div>
   <div class='ocr_carea' id='block_1_72' title="bbox 405 4093 1994 4164">
    <p class='ocr_par' dir='ltr' id='par_1_72' title="bbox 405 4093 1994 4164">
     <span class='ocr_line' id='line_1_72' title="bbox 405 4093 1994 4164; baseline 0.003 -17"><span class='ocrx_word' id='word_1_565' title='bbox 405 4093 530 4147; x_wconf 83' lang='lat' dir='ltr'><strong>data</strong></span> <span class='ocrx_word' id='word_1_566' title='bbox 562 4101 642 4146; x_wconf 86' lang='lat' dir='ltr'><strong>est</strong></span> <span class='ocrx_word' id='word_1_567' title='bbox 667 4109 763 4162; x_wconf 86' lang='lat' dir='ltr'><strong>per</strong></span> <span class='ocrx_word' id='word_1_568' title='bbox 788 4093 1025 4164; x_wconf 82' lang='lat' dir='ltr'><strong>Moysen,</strong></span> <span class='ocrx_word' id='word_1_569' title='bbox 1058 4094 1563 4149; x_wconf 78' lang='lat' dir='ltr'><strong>manifestatumest</strong></span> <span class='ocrx_word' id='word_1_570' title='bbox 1598 4110 1791 4150; x_wconf 88' lang='lat' dir='ltr'><strong>curare</strong></span> <span class='ocrx_word' id='word_1_571' title='bbox 1824 4096 1994 4151; x_wconf 88' lang='lat' dir='ltr'><strong>Deum</strong></span> 
     </span>
    </p>
   </div>
   <div class='ocr_carea' id='block_1_73' title="bbox 404 4166 1992 4257">
    <p class='ocr_par' dir='ltr' id='par_1_73' title="bbox 404 4166 1992 4257">
     <span class='ocr_line' id='line_1_73' title="bbox 404 4166 1992 4257; baseline 0.003 -18"><span class='ocrx_word' id='word_1_572' title='bbox 404 4201 492 4240; x_wconf 86' lang='lat' dir='ltr'><strong>res</strong></span> <span class='ocrx_word' id='word_1_573' title='bbox 516 4186 805 4252; x_wconf 87' lang='lat' dir='ltr'><strong>humanas,</strong></span> <span class='ocrx_word' id='word_1_574' title='bbox 824 4196 877 4240; x_wconf 88' lang='lat' dir='ltr'><strong>et</strong></span> <span class='ocrx_word' id='word_1_575' title='bbox 898 4202 1003 4239; x_wconf 91' lang='lat' dir='ltr'><strong>non</strong></span> <span class='ocrx_word' id='word_1_576' title='bbox 1030 4187 1248 4256; x_wconf 88' lang='lat' dir='ltr'><strong>impune</strong></span> <span class='ocrx_word' id='word_1_577' title='bbox 1262 4187 1499 4241; x_wconf 77' lang='lat' dir='ltr'><strong>futurum</strong></span> <span class='ocrx_word' id='word_1_578' title='bbox 1520 4188 1624 4253; x_wconf 87' lang='lat' dir='ltr'><strong>his,</strong></span> <span class='ocrx_word' id='word_1_579' title='bbox 1643 4189 1735 4257; x_wconf 87' lang='lat' dir='ltr'><strong>qui</strong></span> <span class='ocrx_word' id='word_1_580' title='bbox 1751 4166 1893 4243; x_wconf 84' lang='lat' dir='ltr'><strong>male</strong></span> <span class='ocrx_word' id='word_1_581' title='bbox 1907 4189 1992 4243; x_wconf 84' lang='lat' dir='ltr'><strong>fa-</strong></span> 
     </span>
    </p>
   </div>
   <div class='ocr_carea' id='block_1_74' title="bbox 405 4280 1995 4349">
    <p class='ocr_par' dir='ltr' id='par_1_74' title="bbox 405 4280 1995 4349">
     <span class='ocr_line' id='line_1_74' title="bbox 405 4280 1995 4349; baseline 0.002 -16"><span class='ocrx_word' id='word_1_582' title='bbox 405 4280 630 4341; x_wconf 87' lang='lat' dir='ltr'><strong>cientes,</strong></span> <span class='ocrx_word' id='word_1_583' title='bbox 642 4294 960 4348; x_wconf 85' lang='lat' dir='ltr'><strong>quacunque</strong></span> <span class='ocrx_word' id='word_1_584' title='bbox 976 4295 1042 4331; x_wconf 77' lang='lat' dir='ltr'><strong>ex</strong></span> <span class='ocrx_word' id='word_1_585' title='bbox 1056 4294 1220 4333; x_wconf 71' lang='lat' dir='ltr'><strong>causa</strong></span> <span class='ocrx_word' id='word_1_586' title='bbox 1239 4280 1291 4332; x_wconf 90' lang='lat' dir='ltr'><strong>in</strong></span> <span class='ocrx_word' id='word_1_587' title='bbox 1309 4281 1565 4349; x_wconf 61' lang='lat' dir='ltr'><strong>praisenti</strong></span> <span class='ocrx_word' id='word_1_588' title='bbox 1580 4282 1834 4336; x_wconf 88' lang='lat' dir='ltr'><strong>evadunt.</strong></span> <span class='ocrx_word' id='word_1_589' title='bbox 1859 4281 1995 4336; x_wconf 81' lang='lat' dir='ltr'><strong>Nam</strong></span> 
     </span>
    </p>
   </div>
   <div class='ocr_carea' id='block_1_75' title="bbox 2093 3272 3680 3349">
    <p class='ocr_par' dir='ltr' id='par_1_75' title="bbox 2093 3272 3680 3349">
     <span class='ocr_line' id='line_1_75' title="bbox 2093 3272 3680 3349; baseline -0.008 -16"><span class='ocrx_word' id='word_1_590' title='bbox 2093 3278 2196 3349; x_wconf 81' lang='lat' dir='ltr'><strong>etis</strong></span> <span class='ocrx_word' id='word_1_591' title='bbox 2240 3275 2684 3332; x_wconf 74' lang='lat' dir='ltr'><strong>monstrabimus.</strong></span> <span class='ocrx_word' id='word_1_592' title='bbox 2735 3273 2920 3343; x_wconf 84' lang='lat' dir='ltr'><strong>itaque</strong></span> <span class='ocrx_word' id='word_1_593' title='bbox 2967 3287 3072 3328; x_wconf 86' lang='lat' dir='ltr'><strong>non</strong></span> <span class='ocrx_word' id='word_1_594' title='bbox 3119 3272 3173 3324; x_wconf 90' lang='lat' dir='ltr'><strong>in</strong></span> <span class='ocrx_word' id='word_1_595' title='bbox 3216 3282 3409 3325; x_wconf 84' lang='lat' dir='ltr'><strong>omnes</strong></span> <span class='ocrx_word' id='word_1_596' title='bbox 3448 3276 3680 3323; x_wconf 67' lang='lat' dir='ltr'><strong>mortem</strong></span> 
     </span>
    </p>
   </div>
   <div class='ocr_carea' id='block_1_76' title="bbox 2092 3363 3684 3439">
    <p class='ocr_par' dir='ltr' id='par_1_76' title="bbox 2092 3363 3684 3439">
     <span class='ocr_line' id='line_1_76' title="bbox 2092 3363 3684 3439; baseline -0.008 -15"><span class='ocrx_word' id='word_1_597' title='bbox 2092 3384 2349 3439; x_wconf 84' lang='lat' dir='ltr'><strong>regnasse</strong></span> <span class='ocrx_word' id='word_1_598' title='bbox 2378 3366 2727 3421; x_wconf 78' lang='lat' dir='ltr'><strong>manifestum</strong></span> <span class='ocrx_word' id='word_1_599' title='bbox 2753 3373 2858 3431; x_wconf 87' lang='lat' dir='ltr'><strong>est,</strong></span> <span class='ocrx_word' id='word_1_600' title='bbox 2889 3363 3016 3433; x_wconf 88' lang='lat' dir='ltr'><strong>quia</strong></span> <span class='ocrx_word' id='word_1_601' title='bbox 3044 3376 3151 3417; x_wconf 80' lang='lat' dir='ltr'><strong>non</strong></span> <span class='ocrx_word' id='word_1_602' title='bbox 3176 3366 3536 3431; x_wconf 76' lang='lat' dir='ltr'><strong>peccaverunt</strong></span> <span class='ocrx_word' id='word_1_603' title='bbox 3564 3372 3684 3412; x_wconf 80' lang='lat' dir='ltr'><strong>ont-</strong></span> 
     </span>
    </p>
   </div>
   <div class='ocr_carea' id='block_1_77' title="bbox 2092 3450 3676 3526">
    <p class='ocr_par' dir='ltr' id='par_1_77' title="bbox 2092 3450 3676 3526">
     <span class='ocr_line' id='line_1_77' title="bbox 2092 3450 3676 3526; baseline -0.009 -10"><span class='ocrx_word' id='word_1_604' title='bbox 2092 3476 2190 3516; x_wconf 85' lang='lat' dir='ltr'><strong>nes</strong></span> <span class='ocrx_word' id='word_1_605' title='bbox 2233 3461 2289 3515; x_wconf 86' lang='lat' dir='ltr'><strong>in</strong></span> <span class='ocrx_word' id='word_1_606' title='bbox 2330 3459 2735 3513; x_wconf 80' lang='lat' dir='ltr'><strong>similitudinem</strong></span> <span class='ocrx_word' id='word_1_607' title='bbox 2780 3453 3247 3526; x_wconf 84' lang='lat' dir='ltr'><strong>praevaricationis</strong></span> <span class='ocrx_word' id='word_1_608' title='bbox 3283 3451 3436 3515; x_wconf 61' lang='lat' dir='ltr'><strong>Adae,</strong></span> <span class='ocrx_word' id='word_1_609' title='bbox 3464 3450 3521 3504; x_wconf 84' lang='lat' dir='ltr'><strong>id</strong></span> <span class='ocrx_word' id='word_1_610' title='bbox 3560 3458 3676 3515; x_wconf 83' lang='lat' dir='ltr'><strong>est,</strong></span> 
     </span>
    </p>
   </div>
   <div class='ocr_carea' id='block_1_78' title="bbox 2092 3541 3678 3617">
    <p class='ocr_par' dir='ltr' id='par_1_78' title="bbox 2092 3541 3678 3617">
     <span class='ocr_line' id='line_1_78' title="bbox 2092 3541 3678 3617; baseline -0.008 -11"><span class='ocrx_word' id='word_1_611' title='bbox 2092 3566 2200 3606; x_wconf 89' lang='lat' dir='ltr'><strong>non</strong></span> <span class='ocrx_word' id='word_1_612' title='bbox 2225 3562 2416 3605; x_wconf 86' lang='lat' dir='ltr'><strong>omnes</strong></span> <span class='ocrx_word' id='word_1_613' title='bbox 2440 3557 2750 3617; x_wconf 86' lang='lat' dir='ltr'><strong>contempto</strong></span> <span class='ocrx_word' id='word_1_614' title='bbox 2774 3546 2886 3600; x_wconf 82' lang='lat' dir='ltr'><strong>Dee</strong></span> <span class='ocrx_word' id='word_1_615' title='bbox 2916 3552 3301 3615; x_wconf 78' lang='lat' dir='ltr'><strong>peccaverunt.</strong></span> <span class='ocrx_word' id='word_1_616' title='bbox 3345 3541 3448 3609; x_wconf 87' lang='lat' dir='ltr'><strong>Qui</strong></span> <span class='ocrx_word' id='word_1_617' title='bbox 3502 3549 3678 3594; x_wconf 81' lang='lat' dir='ltr'><strong>autem</strong></span> 
     </span>
    </p>
   </div>
   <div class='ocr_carea' id='block_1_79' title="bbox 2094 3635 3677 3712">
    <p class='ocr_par' dir='ltr' id='par_1_79' title="bbox 2094 3635 3677 3712">
     <span class='ocr_line' id='line_1_79' title="bbox 2094 3635 3677 3712; baseline -0.007 -14"><span class='ocrx_word' id='word_1_618' title='bbox 2094 3651 2221 3698; x_wconf 88' lang='lat' dir='ltr'><strong>sunt</strong></span> <span class='ocrx_word' id='word_1_619' title='bbox 2246 3642 2362 3712; x_wconf 86' lang='lat' dir='ltr'><strong>qui,</strong></span> <span class='ocrx_word' id='word_1_620' title='bbox 2402 3648 2710 3710; x_wconf 88' lang='lat' dir='ltr'><strong>contempto</strong></span> <span class='ocrx_word' id='word_1_621' title='bbox 2742 3639 2852 3693; x_wconf 89' lang='lat' dir='ltr'><strong>Deo</strong></span> <span class='ocrx_word' id='word_1_622' title='bbox 2876 3678 2891 3704; x_wconf 95' lang='lat'><strong>,</strong></span> <span class='ocrx_word' id='word_1_623' title='bbox 2920 3644 3301 3708; x_wconf 80' lang='lat' dir='ltr'><strong>peccaverunt,</strong></span> <span class='ocrx_word' id='word_1_624' title='bbox 3328 3635 3431 3689; x_wconf 89' lang='lat' dir='ltr'><strong>nisi</strong></span> <span class='ocrx_word' id='word_1_625' title='bbox 3460 3635 3551 3703; x_wconf 83' lang='lat' dir='ltr'><strong>qui</strong></span> <span class='ocrx_word' id='word_1_626' title='bbox 3581 3648 3677 3688; x_wconf 65' lang='lat' dir='ltr'><strong>ne-</strong></span> 
     </span>
    </p>
   </div>
   <div class='ocr_carea' id='block_1_80' title="bbox 2094 3730 3672 3807">
    <p class='ocr_par' dir='ltr' id='par_1_80' title="bbox 2094 3730 3672 3807">
     <span class='ocr_line' id='line_1_80' title="bbox 2094 3730 3672 3807; baseline -0.004 -17"><span class='ocrx_word' id='word_1_627' title='bbox 2094 3737 2268 3807; x_wconf 87' lang='lat' dir='ltr'><strong>glecto</strong></span> <span class='ocrx_word' id='word_1_628' title='bbox 2305 3744 2550 3791; x_wconf 84' lang='lat' dir='ltr'><strong>creatore</strong></span> <span class='ocrx_word' id='word_1_629' title='bbox 2590 3734 2897 3789; x_wconf 83' lang='lat' dir='ltr'><strong>servierunt</strong></span> <span class='ocrx_word' id='word_1_630' title='bbox 2927 3740 3212 3797; x_wconf 67' lang='lat' dir='ltr'><strong>creatum,</strong></span> <span class='ocrx_word' id='word_1_631' title='bbox 3252 3730 3382 3786; x_wconf 88' lang='lat' dir='ltr'><strong>deos</strong></span> <span class='ocrx_word' id='word_1_632' title='bbox 3417 3731 3522 3784; x_wconf 77' lang='lat' dir='ltr'><strong>sibi</strong></span> <span class='ocrx_word' id='word_1_633' title='bbox 3552 3740 3672 3784; x_wconf 69' lang='lat' dir='ltr'><strong>eor;-</strong></span> 
     </span>
    </p>
   </div>
   <div class='ocr_carea' id='block_1_81' title="bbox 2094 3821 3681 3897">
    <p class='ocr_par' dir='ltr' id='par_1_81' title="bbox 2094 3821 3681 3897">
     <span class='ocr_line' id='line_1_81' title="bbox 2094 3821 3681 3897; baseline -0.003 -16"><span class='ocrx_word' id='word_1_634' title='bbox 2094 3828 2381 3882; x_wconf 85' lang='lat' dir='ltr'><strong>stituentes</strong></span> <span class='ocrx_word' id='word_1_635' title='bbox 2438 3842 2578 3897; x_wconf 88' lang='lat' dir='ltr'><strong>quos</strong></span> <span class='ocrx_word' id='word_1_636' title='bbox 2606 3826 2847 3880; x_wconf 86' lang='lat' dir='ltr'><strong>colerent</strong></span> <span class='ocrx_word' id='word_1_637' title='bbox 2889 3826 2955 3879; x_wconf 89' lang='lat' dir='ltr'><strong>ad</strong></span> <span class='ocrx_word' id='word_1_638' title='bbox 3009 3824 3263 3894; x_wconf 72' lang='lat' dir='ltr'><strong>injuriam</strong></span> <span class='ocrx_word' id='word_1_639' title='bbox 3305 3822 3447 3877; x_wconf 79' lang='lat' dir='ltr'><strong>Dei?</strong></span> <span class='ocrx_word' id='word_1_640' title='bbox 3479 3821 3681 3877; x_wconf 65' lang='grc' dir='ltr'><strong>Μάγα,</strong></span> 
     </span>
    </p>
   </div>
   <div class='ocr_carea' id='block_1_82' title="bbox 2094 3914 3680 3985">
    <p class='ocr_par' dir='ltr' id='par_1_82' title="bbox 2094 3914 3680 3985">
     <span class='ocr_line' id='line_1_82' title="bbox 2094 3914 3680 3985; baseline -0.006 -13"><span class='ocrx_word' id='word_1_641' title='bbox 2094 3919 2379 3974; x_wconf 68' lang='lat' dir='ltr'><strong>laetabatur</strong></span> <span class='ocrx_word' id='word_1_642' title='bbox 2412 3919 2465 3971; x_wconf 86' lang='lat' dir='ltr'><strong>in</strong></span> <span class='ocrx_word' id='word_1_643' title='bbox 2488 3918 2611 3972; x_wconf 87' lang='lat' dir='ltr'><strong>istis</strong></span> <span class='ocrx_word' id='word_1_644' title='bbox 2647 3916 2913 3981; x_wconf 87' lang='lat' dir='ltr'><strong>diabolus,</strong></span> <span class='ocrx_word' id='word_1_645' title='bbox 2936 3916 3064 3985; x_wconf 87' lang='lat' dir='ltr'><strong>quia</strong></span> <span class='ocrx_word' id='word_1_646' title='bbox 3094 3915 3308 3969; x_wconf 88' lang='lat' dir='ltr'><strong>videbat</strong></span> <span class='ocrx_word' id='word_1_647' title='bbox 3338 3914 3458 3968; x_wconf 73' lang='lat' dir='ltr'><strong>illus</strong></span> <span class='ocrx_word' id='word_1_648' title='bbox 3498 3914 3680 3966; x_wconf 80' lang='lat' dir='ltr'><strong>imita-</strong></span> 
     </span>
    </p>
   </div>
   <div class='ocr_carea' id='block_1_83' title="bbox 2096 4002 3701 4077">
    <p class='ocr_par' dir='ltr' id='par_1_83' title="bbox 2096 4002 3701 4077">
     <span class='ocr_line' id='line_1_83' title="bbox 2096 4002 3701 4077; baseline -0.004 -13"><span class='ocrx_word' id='word_1_649' title='bbox 2096 4019 2243 4065; x_wconf 82' lang='lat' dir='ltr'><strong>tores</strong></span> <span class='ocrx_word' id='word_1_650' title='bbox 2285 4012 2367 4064; x_wconf 88' lang='lat' dir='ltr'><strong>sui</strong></span> <span class='ocrx_word' id='word_1_651' title='bbox 2395 4009 2638 4064; x_wconf 73' lang='lat' dir='ltr'><strong>elfectos.</strong></span> <span class='ocrx_word' id='word_1_652' title='bbox 2669 4008 2801 4062; x_wconf 82' lang='lat' dir='ltr'><strong>Nam</strong></span> <span class='ocrx_word' id='word_1_653' title='bbox 2835 4018 2887 4062; x_wconf 89' lang='lat' dir='ltr'><strong>et</strong></span> <span class='ocrx_word' id='word_1_654' title='bbox 2940 4008 3120 4062; x_wconf 78' lang='lat' dir='ltr'><strong>There</strong></span> <span class='ocrx_word' id='word_1_655' title='bbox 3153 4016 3310 4077; x_wconf 77' lang='lat' dir='ltr'><strong>pater</strong></span> <span class='ocrx_word' id='word_1_656' title='bbox 3337 4007 3580 4067; x_wconf 68' lang='lat' dir='ltr'><strong>Abrahae,</strong></span> <span class='ocrx_word' id='word_1_657' title='bbox 3627 4002 3701 4058; x_wconf 80' lang='lat' dir='ltr'><strong>et&#39;</strong></span> 
     </span>
    </p>
   </div>
   <div class='ocr_carea' id='block_1_84' title="bbox 2095 4099 3680 4172">
    <p class='ocr_par' dir='ltr' id='par_1_84' title="bbox 2095 4099 3680 4172">
     <span class='ocr_line' id='line_1_84' title="bbox 2095 4099 3680 4172; baseline -0.005 -14"><span class='ocrx_word' id='word_1_658' title='bbox 2095 4103 2330 4169; x_wconf 85' lang='lat' dir='ltr'><strong>Nachor,</strong></span> <span class='ocrx_word' id='word_1_659' title='bbox 2378 4113 2432 4158; x_wconf 90' lang='lat' dir='ltr'><strong>et</strong></span> <span class='ocrx_word' id='word_1_660' title='bbox 2478 4102 2665 4157; x_wconf 84' lang='lat' dir='ltr'><strong>Laban</strong></span> <span class='ocrx_word' id='word_1_661' title='bbox 2716 4102 2968 4172; x_wconf 85' lang='lat' dir='ltr'><strong>proprios</strong></span> <span class='ocrx_word' id='word_1_662' title='bbox 3014 4100 3147 4156; x_wconf 84' lang='lat' dir='ltr'><strong>deos</strong></span> <span class='ocrx_word' id='word_1_663' title='bbox 3196 4100 3299 4154; x_wconf 84' lang='lat' dir='ltr'><strong>sibi</strong></span> <span class='ocrx_word' id='word_1_664' title='bbox 3338 4099 3680 4153; x_wconf 82' lang='lat' dir='ltr'><strong>vindicabant</strong></span> 
     </span>
    </p>
   </div>
   <div class='ocr_carea' id='block_1_85' title="bbox 2097 4189 3679 4265">
    <p class='ocr_par' dir='ltr' id='par_1_85' title="bbox 2097 4189 3679 4265">
     <span class='ocr_line' id='line_1_85' title="bbox 2097 4189 3679 4265; baseline -0.004 -17"><span class='ocrx_word' id='word_1_665' title='bbox 2097 4195 2251 4265; x_wconf 85' lang='lat' dir='ltr'><strong>(Gen.</strong></span> <span class='ocrx_word' id='word_1_666' title='bbox 2291 4211 2387 4258; x_wconf 70' lang='lat' dir='ltr'><strong>xl;</strong></span> <span class='ocrx_word' id='word_1_667' title='bbox 2437 4192 2568 4248; x_wconf 81' lang='lat' dir='ltr'><strong>Gen.</strong></span> <span class='ocrx_word' id='word_1_668' title='bbox 2616 4192 2804 4262; x_wconf 67' lang='lat' dir='ltr'><strong>xxxv).</strong></span> <span class='ocrx_word' id='word_1_669' title='bbox 2840 4193 2904 4246; x_wconf 86' lang='lat' dir='ltr'><strong>Et</strong></span> <span class='ocrx_word' id='word_1_670' title='bbox 2926 4200 3209 4261; x_wconf 85' lang='lat' dir='ltr'><strong>peccatum</strong></span> <span class='ocrx_word' id='word_1_671' title='bbox 3232 4189 3360 4244; x_wconf 68' lang='lat' dir='ltr'><strong>Adae</strong></span> <span class='ocrx_word' id='word_1_672' title='bbox 3396 4204 3504 4244; x_wconf 86' lang='lat' dir='ltr'><strong>non</strong></span> <span class='ocrx_word' id='word_1_673' title='bbox 3529 4189 3679 4258; x_wconf 84' lang='lat' dir='ltr'><strong>longe</strong></span> 
     </span>
    </p>
   </div>
   <div class='ocr_carea' id='block_1_86' title="bbox 2098 4280 3674 4352">
    <p class='ocr_par' dir='ltr' id='par_1_86' title="bbox 2098 4280 3674 4352">
     <span class='ocr_line' id='line_1_86' title="bbox 2098 4280 3674 4352; baseline -0.004 -12"><span class='ocrx_word' id='word_1_674' title='bbox 2098 4293 2179 4340; x_wconf 89' lang='lat' dir='ltr'><strong>est</strong></span> <span class='ocrx_word' id='word_1_675' title='bbox 2207 4286 2275 4339; x_wconf 88' lang='lat' dir='ltr'><strong>ab</strong></span> <span class='ocrx_word' id='word_1_676' title='bbox 2304 4283 2600 4338; x_wconf 87' lang='lat' dir='ltr'><strong>idololatria</strong></span> <span class='ocrx_word' id='word_1_677' title='bbox 2628 4301 2639 4335; x_wconf 90' lang='lat'><strong>:</strong></span> <span class='ocrx_word' id='word_1_678' title='bbox 2670 4284 3049 4352; x_wconf 64' lang='lat' dir='ltr'><strong>praevaricavit</strong></span> <span class='ocrx_word' id='word_1_679' title='bbox 3083 4282 3227 4336; x_wconf 90' lang='lat' dir='ltr'><strong>enim</strong></span> <span class='ocrx_word' id='word_1_680' title='bbox 3258 4294 3455 4350; x_wconf 85' lang='lat' dir='ltr'><strong>putans</strong></span> <span class='ocrx_word' id='word_1_681' title='bbox 3488 4295 3546 4334; x_wconf 84' lang='lat' dir='ltr'><strong>se</strong></span> <span class='ocrx_word' id='word_1_682' title='bbox 3582 4280 3674 4332; x_wconf 83' lang='lat' dir='ltr'><strong>ho-</strong></span> 
     </span>
    </p>
   </div>
   <div class='ocr_carea' id='block_1_87' title="bbox 404 4370 3677 4445">
    <p class='ocr_par' dir='ltr' id='par_1_87' title="bbox 404 4370 3677 4445">
     <span class='ocr_line' id='line_1_87' title="bbox 404 4370 3677 4445; baseline -0.001 -21"><span class='ocrx_word' id='word_1_683' title='bbox 404 4372 940 4440; x_wconf 75' lang='lat' dir='ltr'><strong>utiquequiinterse,</strong></span> <span class='ocrx_word' id='word_1_684' title='bbox 958 4372 1210 4441; x_wconf 85' lang='lat' dir='ltr'><strong>magistra</strong></span> <span class='ocrx_word' id='word_1_685' title='bbox 1223 4370 1431 4439; x_wconf 78' lang='lat' dir='ltr'><strong>justitia</strong></span> <span class='ocrx_word' id='word_1_686' title='bbox 1450 4373 1997 4445; x_wconf 83' lang='lat' dir='ltr'><strong>vcinatura,peecata</strong></span> <span class='ocrx_word' id='word_1_687' title='bbox 2097 4377 2298 4431; x_wconf 88' lang='lat' dir='ltr'><strong>minem</strong></span> <span class='ocrx_word' id='word_1_688' title='bbox 2344 4375 2583 4430; x_wconf 83' lang='lat' dir='ltr'><strong>futurum</strong></span> <span class='ocrx_word' id='word_1_689' title='bbox 2614 4375 2801 4429; x_wconf 62' lang='lat' dir='ltr'><strong>Deum.</strong></span> <span class='ocrx_word' id='word_1_690' title='bbox 2844 4373 3333 4427; x_wconf 68' lang='lat' dir='ltr'><strong>Aistimavitenim</strong></span> <span class='ocrx_word' id='word_1_691' title='bbox 3362 4373 3466 4427; x_wconf 88' lang='lat' dir='ltr'><strong>hoc</strong></span> <span class='ocrx_word' id='word_1_692' title='bbox 3510 4371 3677 4440; x_wconf 77' lang='lat' dir='ltr'><strong>magis</strong></span> 
     </span>
    </p>
   </div>
   <div class='ocr_carea' id='block_1_88' title="bbox 406 4460 3678 4538">
    <p class='ocr_par' dir='ltr' id='par_1_88' title="bbox 406 4460 3678 4538">
     <span class='ocr_line' id='line_1_88' title="bbox 406 4460 3678 4538; baseline -0.001 -22"><span class='ocrx_word' id='word_1_693' title='bbox 406 4478 512 4517; x_wconf 90' lang='lat' dir='ltr'><strong>non</strong></span> <span class='ocrx_word' id='word_1_694' title='bbox 532 4460 699 4514; x_wconf 85' lang='lat' dir='ltr'><strong>inulta</strong></span> <span class='ocrx_word' id='word_1_695' title='bbox 721 4462 1033 4524; x_wconf 86' lang='lat' dir='ltr'><strong>censebant,</strong></span> <span class='ocrx_word' id='word_1_696' title='bbox 1056 4468 1258 4529; x_wconf 88' lang='lat' dir='ltr'><strong>quanto</strong></span> <span class='ocrx_word' id='word_1_697' title='bbox 1281 4462 1449 4533; x_wconf 81' lang='lat' dir='ltr'><strong>magis</strong></span> <span class='ocrx_word' id='word_1_698' title='bbox 1466 4462 1629 4518; x_wconf 88' lang='lat' dir='ltr'><strong>Deum</strong></span> <span class='ocrx_word' id='word_1_699' title='bbox 1654 4481 1816 4534; x_wconf 91' lang='lat' dir='ltr'><strong>quem</strong></span> <span class='ocrx_word' id='word_1_700' title='bbox 1842 4482 1996 4520; x_wconf 79' lang='lat' dir='ltr'><strong>niun-</strong></span> <span class='ocrx_word' id='word_1_701' title='bbox 2098 4468 2436 4538; x_wconf 83' lang='lat' dir='ltr'><strong>profuturum</strong></span> <span class='ocrx_word' id='word_1_702' title='bbox 2464 4466 2605 4535; x_wconf 87' lang='lat' dir='ltr'><strong>quod</strong></span> <span class='ocrx_word' id='word_1_703' title='bbox 2645 4465 2890 4519; x_wconf 86' lang='lat' dir='ltr'><strong>diabolus</strong></span> <span class='ocrx_word' id='word_1_704' title='bbox 2933 4463 3126 4527; x_wconf 89' lang='lat' dir='ltr'><strong>suasit,</strong></span> <span class='ocrx_word' id='word_1_705' title='bbox 3158 4478 3319 4532; x_wconf 85' lang='lat' dir='ltr'><strong>quam</strong></span> <span class='ocrx_word' id='word_1_706' title='bbox 3357 4463 3498 4531; x_wconf 86' lang='lat' dir='ltr'><strong>quod</strong></span> <span class='ocrx_word' id='word_1_707' title='bbox 3544 4461 3678 4514; x_wconf 86' lang='lat' dir='ltr'><strong>Deus</strong></span> 
     </span>
    </p>
   </div>
   <div class='ocr_carea' id='block_1_89' title="bbox 410 4546 3678 4632">
    <p class='ocr_par' dir='ltr' id='par_1_89' title="bbox 410 4546 3678 4632">
     <span class='ocr_line' id='line_1_89' title="bbox 410 4546 3678 4632; baseline -0.002 -23"><span class='ocrx_word' id='word_1_708' title='bbox 410 4557 463 4610; x_wconf 88' lang='lat' dir='ltr'><strong>di</strong></span> <span class='ocrx_word' id='word_1_709' title='bbox 506 4555 749 4610; x_wconf 84' lang='lat' dir='ltr'><strong>sciebant</strong></span> <span class='ocrx_word' id='word_1_710' title='bbox 775 4555 1041 4624; x_wconf 90' lang='lat' dir='ltr'><strong>opilicem,</strong></span> <span class='ocrx_word' id='word_1_711' title='bbox 1071 4556 1185 4610; x_wconf 73' lang='lat' dir='ltr'><strong>hmc</strong></span> <span class='ocrx_word' id='word_1_712' title='bbox 1208 4557 1594 4626; x_wconf 89' lang='lat' dir='ltr'><strong>requisiturum</strong></span> <span class='ocrx_word' id='word_1_713' title='bbox 1632 4577 1741 4616; x_wconf 89' lang='lat' dir='ltr'><strong>non</strong></span> <span class='ocrx_word' id='word_1_714' title='bbox 1789 4562 1991 4618; x_wconf 89' lang='lat' dir='ltr'><strong>debue-</strong></span> <span class='ocrx_word' id='word_1_715' title='bbox 2020 4546 2071 4606; x_wconf 83' lang='lat' dir='ltr'><strong>D</strong></span> <span class='ocrx_word' id='word_1_716' title='bbox 2093 4561 2274 4632; x_wconf 81' lang='lat' dir='ltr'><strong>jussit,</strong></span> <span class='ocrx_word' id='word_1_717' title='bbox 2297 4560 2484 4615; x_wconf 90' lang='lat' dir='ltr'><strong>inloco</strong></span> <span class='ocrx_word' id='word_1_718' title='bbox 2500 4555 3678 4624; x_wconf 75' lang='lat' dir='ltr'><strong>Deidiabolumstatuenszuudeetsubjectus</strong></span> 
     </span>
    </p>
   </div>
   <div class='ocr_carea' id='block_1_90' title="bbox 405 4644 3675 4723">
    <p class='ocr_par' dir='ltr' id='par_1_90' title="bbox 405 4644 3675 4723">
     <span class='ocr_line' id='line_1_90' title="bbox 405 4644 3675 4723; baseline -0.002 -19"><span class='ocrx_word' id='word_1_719' title='bbox 405 4655 527 4700; x_wconf 74' lang='lat' dir='ltr'><strong>rant</strong></span> <span class='ocrx_word' id='word_1_720' title='bbox 553 4646 836 4716; x_wconf 80' lang='lat' dir='ltr'><strong>ignorare?</strong></span> <span class='ocrx_word' id='word_1_721' title='bbox 857 4646 1062 4716; x_wconf 76' lang='lat' dir='ltr'><strong>Quippe</strong></span> <span class='ocrx_word' id='word_1_722' title='bbox 1087 4662 1211 4700; x_wconf 91' lang='lat' dir='ltr'><strong>cum</strong></span> <span class='ocrx_word' id='word_1_723' title='bbox 1238 4644 1472 4704; x_wconf 88' lang='lat' dir='ltr'><strong>Sodoma</strong></span> <span class='ocrx_word' id='word_1_724' title='bbox 1501 4658 1557 4704; x_wconf 89' lang='lat' dir='ltr'><strong>et</strong></span> <span class='ocrx_word' id='word_1_725' title='bbox 1577 4649 1875 4706; x_wconf 88' lang='lat' dir='ltr'><strong>Gomorrha</strong></span> <span class='ocrx_word' id='word_1_726' title='bbox 1899 4668 1998 4723; x_wconf 87' lang='lat' dir='ltr'><strong>per</strong></span> <span class='ocrx_word' id='word_1_727' title='bbox 2097 4664 2180 4711; x_wconf 90' lang='lat' dir='ltr'><strong>est</strong></span> <span class='ocrx_word' id='word_1_728' title='bbox 2202 4653 2437 4708; x_wconf 87' lang='lat' dir='ltr'><strong>diabolo.</strong></span> <span class='ocrx_word' id='word_1_729' title='bbox 2470 4651 2737 4707; x_wconf 88' lang='lat' dir='ltr'><strong>Similiter</strong></span> <span class='ocrx_word' id='word_1_730' title='bbox 2782 4658 2835 4706; x_wconf 90' lang='lat' dir='ltr'><strong>et</strong></span> <span class='ocrx_word' id='word_1_731' title='bbox 2863 4650 2918 4704; x_wconf 92' lang='lat' dir='ltr'><strong>hi</strong></span> <span class='ocrx_word' id='word_1_732' title='bbox 2973 4659 3315 4718; x_wconf 83' lang='lat' dir='ltr'><strong>transgresso</strong></span> <span class='ocrx_word' id='word_1_733' title='bbox 3373 4647 3506 4712; x_wconf 83' lang='lat' dir='ltr'><strong>Deo,</strong></span> <span class='ocrx_word' id='word_1_734' title='bbox 3552 4648 3675 4699; x_wconf 81' lang='lat' dir='ltr'><strong>dum</strong></span> 
     </span>
    </p>
   </div>
   <div class='ocr_carea' id='block_1_91' title="bbox 405 4739 1991 4812">
    <p class='ocr_par' dir='ltr' id='par_1_91' title="bbox 405 4739 1991 4812">
     <span class='ocr_line' id='line_1_91' title="bbox 405 4739 1991 4812; baseline 0.004 -19"><span class='ocrx_word' id='word_1_735' title='bbox 405 4740 579 4810; x_wconf 75' lang='lat' dir='ltr'><strong>ignem</strong></span> <span class='ocrx_word' id='word_1_736' title='bbox 605 4739 922 4809; x_wconf 75' lang='lat' dir='ltr'><strong>adjudicata:</strong></span> <span class='ocrx_word' id='word_1_737' title='bbox 951 4740 1060 4794; x_wconf 90' lang='lat' dir='ltr'><strong>sint</strong></span> <span class='ocrx_word' id='word_1_738' title='bbox 1084 4740 1350 4810; x_wconf 87' lang='lat' dir='ltr'><strong>deperire,</strong></span> <span class='ocrx_word' id='word_1_739' title='bbox 1376 4743 1518 4812; x_wconf 85' lang='lat' dir='ltr'><strong>quod</strong></span> <span class='ocrx_word' id='word_1_740' title='bbox 1546 4743 1743 4799; x_wconf 66' lang='lat' dir='ltr'><strong>o?.livio</strong></span> <span class='ocrx_word' id='word_1_741' title='bbox 1766 4752 1991 4809; x_wconf 80' lang='lat' dir='ltr'><strong>texerat,</strong></span> 
     </span>
    </p>
   </div>
   <div class='ocr_carea' id='block_1_92' title="bbox 406 4832 1993 4906">
    <p class='ocr_par' dir='ltr' id='par_1_92' title="bbox 406 4832 1993 4906">
     <span class='ocr_line' id='line_1_92' title="bbox 406 4832 1993 4906; baseline 0.004 -21"><span class='ocrx_word' id='word_1_742' title='bbox 406 4832 616 4903; x_wconf 85' lang='lat' dir='ltr'><strong>Moyses</strong></span> <span class='ocrx_word' id='word_1_743' title='bbox 652 4842 834 4886; x_wconf 87' lang='lat' dir='ltr'><strong>autem</strong></span> <span class='ocrx_word' id='word_1_744' title='bbox 865 4841 925 4886; x_wconf 92' lang='lat' dir='ltr'><strong>ut</strong></span> <span class='ocrx_word' id='word_1_745' title='bbox 964 4834 1207 4888; x_wconf 86' lang='lat' dir='ltr'><strong>ﬁrmaret</strong></span> <span class='ocrx_word' id='word_1_746' title='bbox 1233 4835 1655 4906; x_wconf 89' lang='lat' dir='ltr'><strong>Deumjudicem</strong></span> <span class='ocrx_word' id='word_1_747' title='bbox 1688 4836 1824 4904; x_wconf 79' lang='lat' dir='ltr'><strong>fore,</strong></span> <span class='ocrx_word' id='word_1_748' title='bbox 1858 4838 1993 4892; x_wconf 87' lang='lat' dir='ltr'><strong>scri-</strong></span> 
     </span>
    </p>
   </div>
   <div class='ocr_carea' id='block_1_93' title="bbox 380 4924 1988 4997">
    <p class='ocr_par' dir='ltr' id='par_1_93' title="bbox 380 4924 1988 4997">
     <span class='ocr_line' id='line_1_93' title="bbox 380 4924 1988 4997; baseline 0.006 -22"><span class='ocrx_word' id='word_1_749' title='bbox 380 4925 579 4981; x_wconf 85' lang='lat' dir='ltr'><strong>bendo</strong></span> <span class='ocrx_word' id='word_1_750' title='bbox 632 4925 1015 4979; x_wconf 82' lang='lat' dir='ltr'><strong>mnuifestavit.</strong></span> <span class='ocrx_word' id='word_1_751' title='bbox 1061 4924 1169 4980; x_wconf 87' lang='lat' dir='ltr'><strong>Sed</strong></span> <span class='ocrx_word' id='word_1_752' title='bbox 1213 4942 1336 4981; x_wconf 92' lang='lat' dir='ltr'><strong>cum</strong></span> <span class='ocrx_word' id='word_1_753' title='bbox 1379 4930 1746 4997; x_wconf 52' lang='lat' dir='ltr'><strong>praetermisso</strong></span> <span class='ocrx_word' id='word_1_754' title='bbox 1774 4929 1883 4982; x_wconf 88' lang='lat' dir='ltr'><strong>Deo</strong></span> <span class='ocrx_word' id='word_1_755' title='bbox 1922 4930 1988 4984; x_wconf 91' lang='lat' dir='ltr'><strong>ﬁ-</strong></span> 
     </span>
    </p>
   </div>
   <div class='ocr_carea' id='block_1_94' title="bbox 404 5018 1989 5089">
    <p class='ocr_par' dir='ltr' id='par_1_94' title="bbox 404 5018 1989 5089">
     <span class='ocr_line' id='line_1_94' title="bbox 404 5018 1989 5089; baseline 0.003 -18"><span class='ocrx_word' id='word_1_756' title='bbox 404 5026 620 5087; x_wconf 87' lang='lat' dir='ltr'><strong>gmenta</strong></span> <span class='ocrx_word' id='word_1_757' title='bbox 664 5027 947 5088; x_wconf 64' lang='lat' dir='ltr'><strong>eruperunt</strong></span> <span class='ocrx_word' id='word_1_758' title='bbox 988 5018 1042 5071; x_wconf 89' lang='lat' dir='ltr'><strong>in</strong></span> <span class='ocrx_word' id='word_1_759' title='bbox 1096 5018 1359 5072; x_wconf 86' lang='lat' dir='ltr'><strong>honorem</strong></span> <span class='ocrx_word' id='word_1_760' title='bbox 1405 5020 1665 5089; x_wconf 86' lang='lat' dir='ltr'><strong>recipere,</strong></span> <span class='ocrx_word' id='word_1_761' title='bbox 1710 5021 1989 5089; x_wconf 83' lang='lat' dir='ltr'><strong>depravati</strong></span> 
     </span>
    </p>
   </div>
   <div class='ocr_carea' id='block_1_95' title="bbox 404 5109 1992 5181">
    <p class='ocr_par' dir='ltr' id='par_1_95' title="bbox 404 5109 1992 5181">
     <span class='ocr_line' id='line_1_95' title="bbox 404 5109 1992 5181; baseline 0.003 -18"><span class='ocrx_word' id='word_1_762' title='bbox 404 5118 606 5173; x_wconf 83' lang='lat' dir='ltr'><strong>tuente,</strong></span> <span class='ocrx_word' id='word_1_763' title='bbox 639 5121 846 5180; x_wconf 85' lang='lat' dir='ltr'><strong>partem</strong></span> <span class='ocrx_word' id='word_1_764' title='bbox 875 5109 1007 5180; x_wconf 89' lang='lat' dir='ltr'><strong>legis</strong></span> <span class='ocrx_word' id='word_1_765' title='bbox 1033 5111 1317 5175; x_wconf 86' lang='lat' dir='ltr'><strong>naturalis,</strong></span> <span class='ocrx_word' id='word_1_766' title='bbox 1352 5127 1472 5181; x_wconf 68' lang='lat' dir='ltr'><strong>quae</strong></span> <span class='ocrx_word' id='word_1_767' title='bbox 1491 5112 1669 5180; x_wconf 86' lang='lat' dir='ltr'><strong>prima</strong></span> <span class='ocrx_word' id='word_1_768' title='bbox 1696 5122 1799 5178; x_wconf 87' lang='lat' dir='ltr'><strong>est,</strong></span> <span class='ocrx_word' id='word_1_769' title='bbox 1816 5113 1992 5173; x_wconf 82' lang='lat' dir='ltr'><strong>calca-</strong></span> 
     </span>
    </p>
   </div>
   <div class='ocr_carea' id='block_1_96' title="bbox 403 5189 1992 5273">
    <p class='ocr_par' dir='ltr' id='par_1_96' title="bbox 403 5189 1992 5273">
     <span class='ocr_line' id='line_1_96' title="bbox 403 5189 1992 5273; baseline 0.004 -19"><span class='ocrx_word' id='word_1_770' title='bbox 403 5209 620 5254; x_wconf 85' lang='lat' dir='ltr'><strong>verunt.</strong></span> <span class='ocrx_word' id='word_1_771' title='bbox 653 5189 787 5267; x_wconf 85' lang='lat' dir='ltr'><strong>Quia</strong></span> <span class='ocrx_word' id='word_1_772' title='bbox 825 5201 911 5255; x_wconf 80' lang='lat' dir='ltr'><strong>lex</strong></span> <span class='ocrx_word' id='word_1_773' title='bbox 955 5203 1213 5256; x_wconf 87' lang='lat' dir='ltr'><strong>naturalis</strong></span> <span class='ocrx_word' id='word_1_774' title='bbox 1252 5210 1361 5255; x_wconf 88' lang='lat' dir='ltr'><strong>tres</strong></span> <span class='ocrx_word' id='word_1_775' title='bbox 1400 5204 1561 5257; x_wconf 87' lang='lat' dir='ltr'><strong>habet</strong></span> <span class='ocrx_word' id='word_1_776' title='bbox 1596 5213 1796 5272; x_wconf 86' lang='lat' dir='ltr'><strong>partes,</strong></span> <span class='ocrx_word' id='word_1_777' title='bbox 1837 5204 1992 5273; x_wconf 86' lang='lat' dir='ltr'><strong>cujus</strong></span> 
     </span>
    </p>
   </div>
   <div class='ocr_carea' id='block_1_97' title="bbox 405 5290 1990 5375">
    <p class='ocr_par' dir='ltr' id='par_1_97' title="bbox 405 5290 1990 5375">
     <span class='ocr_line' id='line_1_97' title="bbox 405 5290 1990 5375; baseline 0.007 -33"><span class='ocrx_word' id='word_1_778' title='bbox 405 5290 582 5362; x_wconf 89' lang='lat' dir='ltr'><strong>prima</strong></span> <span class='ocrx_word' id='word_1_779' title='bbox 613 5290 730 5345; x_wconf 57' lang='lat' dir='ltr'><strong>haec</strong></span> <span class='ocrx_word' id='word_1_780' title='bbox 770 5301 874 5356; x_wconf 89' lang='lat' dir='ltr'><strong>est,</strong></span> <span class='ocrx_word' id='word_1_781' title='bbox 911 5303 970 5347; x_wconf 92' lang='lat' dir='ltr'><strong>ut</strong></span> <span class='ocrx_word' id='word_1_782' title='bbox 1008 5294 1224 5375; x_wconf 86' lang='lat' dir='ltr'><strong>agnitus</strong></span> <span class='ocrx_word' id='word_1_783' title='bbox 1271 5294 1567 5349; x_wconf 88' lang='lat' dir='ltr'><strong>honoretur</strong></span> <span class='ocrx_word' id='word_1_784' title='bbox 1608 5307 1841 5360; x_wconf 87' lang='lat' dir='ltr'><strong>creator,</strong></span> <span class='ocrx_word' id='word_1_785' title='bbox 1890 5311 1990 5353; x_wconf 89' lang='lat' dir='ltr'><strong>nec</strong></span> 
     </span>
    </p>
   </div>
   <div class='ocr_carea' id='block_1_98' title="bbox 405 5384 1985 5459">
    <p class='ocr_par' dir='ltr' id='par_1_98' title="bbox 405 5384 1985 5459">
     <span class='ocr_line' id='line_1_98' title="bbox 405 5384 1985 5459; baseline 0.003 -17"><span class='ocrx_word' id='word_1_786' title='bbox 405 5384 524 5455; x_wconf 86' lang='lat' dir='ltr'><strong>ejus</strong></span> <span class='ocrx_word' id='word_1_787' title='bbox 550 5384 770 5440; x_wconf 89' lang='lat' dir='ltr'><strong>claritas</strong></span> <span class='ocrx_word' id='word_1_788' title='bbox 802 5395 857 5441; x_wconf 90' lang='lat' dir='ltr'><strong>et</strong></span> <span class='ocrx_word' id='word_1_789' title='bbox 886 5385 1139 5453; x_wconf 87' lang='lat' dir='ltr'><strong>majestas</strong></span> <span class='ocrx_word' id='word_1_790' title='bbox 1178 5386 1338 5442; x_wconf 89' lang='lat' dir='ltr'><strong>alicui</strong></span> <span class='ocrx_word' id='word_1_791' title='bbox 1370 5388 1434 5442; x_wconf 92' lang='lat' dir='ltr'><strong>de</strong></span> <span class='ocrx_word' id='word_1_792' title='bbox 1469 5390 1733 5444; x_wconf 85' lang='lat' dir='ltr'><strong>creaturis</strong></span> <span class='ocrx_word' id='word_1_793' title='bbox 1762 5391 1985 5459; x_wconf 79' lang='lat' dir='ltr'><strong>depute-</strong></span> 
     </span>
    </p>
   </div>
   <div class='ocr_carea' id='block_1_99' title="bbox 405 5470 1990 5551">
    <p class='ocr_par' dir='ltr' id='par_1_99' title="bbox 405 5470 1990 5551">
     <span class='ocr_line' id='line_1_99' title="bbox 405 5470 1990 5551; baseline 0.004 -16"><span class='ocrx_word' id='word_1_794' title='bbox 405 5488 538 5535; x_wconf 88' lang='lat' dir='ltr'><strong>tur:</strong></span> <span class='ocrx_word' id='word_1_795' title='bbox 575 5479 810 5537; x_wconf 86' lang='lat' dir='ltr'><strong>secunda</strong></span> <span class='ocrx_word' id='word_1_796' title='bbox 863 5470 1039 5535; x_wconf 81' lang='lat' dir='ltr'><strong>autem</strong></span> <span class='ocrx_word' id='word_1_797' title='bbox 1088 5497 1215 5551; x_wconf 88' lang='lat' dir='ltr'><strong>pars</strong></span> <span class='ocrx_word' id='word_1_798' title='bbox 1259 5491 1342 5537; x_wconf 87' lang='lat' dir='ltr'><strong>est</strong></span> <span class='ocrx_word' id='word_1_799' title='bbox 1373 5482 1607 5545; x_wconf 86' lang='lat' dir='ltr'><strong>moralis,</strong></span> <span class='ocrx_word' id='word_1_800' title='bbox 1641 5483 1743 5538; x_wconf 89' lang='lat' dir='ltr'><strong>hoc</strong></span> <span class='ocrx_word' id='word_1_801' title='bbox 1787 5493 1889 5549; x_wconf 87' lang='lat' dir='ltr'><strong>est,</strong></span> <span class='ocrx_word' id='word_1_802' title='bbox 1932 5494 1990 5541; x_wconf 88' lang='lat' dir='ltr'><strong>ut</strong></span> 
     </span>
    </p>
   </div>
   <div class='ocr_carea' id='block_1_100' title="bbox 405 5568 1990 5647">
    <p class='ocr_par' dir='ltr' id='par_1_100' title="bbox 405 5568 1990 5647">
     <span class='ocr_line' id='line_1_100' title="bbox 405 5568 1990 5647; baseline 0.004 -21"><span class='ocrx_word' id='word_1_803' title='bbox 405 5568 545 5627; x_wconf 86' lang='lat' dir='ltr'><strong>bene</strong></span> <span class='ocrx_word' id='word_1_804' title='bbox 572 5572 803 5637; x_wconf 89' lang='lat' dir='ltr'><strong>vivatur,</strong></span> <span class='ocrx_word' id='word_1_805' title='bbox 843 5573 1106 5627; x_wconf 90' lang='lat' dir='ltr'><strong>modestia</strong></span> <span class='ocrx_word' id='word_1_806' title='bbox 1135 5574 1471 5644; x_wconf 88' lang='lat' dir='ltr'><strong>gubernante</strong></span> <span class='ocrx_word' id='word_1_807' title='bbox 1511 5592 1524 5627; x_wconf 94' lang='lat'>:</span> <span class='ocrx_word' id='word_1_808' title='bbox 1568 5579 1817 5647; x_wconf 88' lang='lat' dir='ltr'><strong>congruit</strong></span> <span class='ocrx_word' id='word_1_809' title='bbox 1843 5579 1990 5635; x_wconf 89' lang='lat' dir='ltr'><strong>enim</strong></span> 
     </span>
    </p>
   </div>
   <div class='ocr_carea' id='block_1_101' title="bbox 2095 4742 3680 4815">
    <p class='ocr_par' dir='ltr' id='par_1_101' title="bbox 2095 4742 3680 4815">
     <span class='ocr_line' id='line_1_101' title="bbox 2095 4742 3680 4815; baseline -0.008 -13"><span class='ocrx_word' id='word_1_810' title='bbox 2095 4744 2356 4802; x_wconf 70' lang='lat' dir='ltr'><strong>creaturae</strong></span> <span class='ocrx_word' id='word_1_811' title='bbox 2405 4746 2668 4811; x_wconf 84' lang='lat' dir='ltr'><strong>serviunt,</strong></span> <span class='ocrx_word' id='word_1_812' title='bbox 2716 4752 2944 4815; x_wconf 76' lang='lat' dir='ltr'><strong>peccant</strong></span> <span class='ocrx_word' id='word_1_813' title='bbox 2991 4743 3153 4798; x_wconf 91' lang='lat' dir='ltr'><strong>simili</strong></span> <span class='ocrx_word' id='word_1_814' title='bbox 3203 4742 3396 4806; x_wconf 89' lang='lat' dir='ltr'><strong>modo,</strong></span> <span class='ocrx_word' id='word_1_815' title='bbox 3437 4756 3543 4795; x_wconf 89' lang='lat' dir='ltr'><strong>non</strong></span> <span class='ocrx_word' id='word_1_816' title='bbox 3592 4753 3680 4791; x_wconf 85' lang='lat' dir='ltr'><strong>eo-</strong></span> 
     </span>
    </p>
   </div>
   <div class='ocr_carea' id='block_1_102' title="bbox 2094 4832 3678 4914">
    <p class='ocr_par' dir='ltr' id='par_1_102' title="bbox 2094 4832 3678 4914">
     <span class='ocr_line' id='line_1_102' title="bbox 2094 4832 3678 4914; baseline -0.008 -15"><span class='ocrx_word' id='word_1_817' title='bbox 2094 4845 2254 4911; x_wconf 87' lang='lat' dir='ltr'><strong>dem-;</strong></span> <span class='ocrx_word' id='word_1_818' title='bbox 2314 4844 2441 4914; x_wconf 89' lang='lat' dir='ltr'><strong>quia</strong></span> <span class='ocrx_word' id='word_1_819' title='bbox 2496 4842 2792 4898; x_wconf 86' lang='lat' dir='ltr'><strong>similitudo</strong></span> <span class='ocrx_word' id='word_1_820' title='bbox 2839 4840 2975 4895; x_wconf 89' lang='lat' dir='ltr'><strong>solet</strong></span> <span class='ocrx_word' id='word_1_821' title='bbox 3036 4840 3237 4893; x_wconf 83' lang='lat' dir='ltr'><strong>habere</strong></span> <span class='ocrx_word' id='word_1_822' title='bbox 3273 4838 3474 4906; x_wconf 82' lang='lat' dir='ltr'><strong>aliquid</strong></span> <span class='ocrx_word' id='word_1_823' title='bbox 3528 4832 3678 4889; x_wconf 87' lang='lat' dir='ltr'><strong>dissi-</strong></span> 
     </span>
    </p>
   </div>
   <div class='ocr_carea' id='block_1_103' title="bbox 2093 4930 3680 5005">
    <p class='ocr_par' dir='ltr' id='par_1_103' title="bbox 2093 4930 3680 5005">
     <span class='ocr_line' id='line_1_103' title="bbox 2093 4930 3680 5005; baseline -0.009 -11"><span class='ocrx_word' id='word_1_824' title='bbox 2093 4939 2238 4994; x_wconf 88' lang='lat' dir='ltr'><strong>mile.</strong></span> <span class='ocrx_word' id='word_1_825' title='bbox 2268 4937 2377 4992; x_wconf 86' lang='lat' dir='ltr'><strong>Nec</strong></span> <span class='ocrx_word' id='word_1_826' title='bbox 2417 4937 2561 4990; x_wconf 89' lang='lat' dir='ltr'><strong>enim</strong></span> <span class='ocrx_word' id='word_1_827' title='bbox 2606 4942 2787 5005; x_wconf 78' lang='lat' dir='ltr'><strong>potest</strong></span> <span class='ocrx_word' id='word_1_828' title='bbox 2834 4932 2939 4987; x_wconf 82' lang='lat' dir='ltr'><strong>dici</strong></span> <span class='ocrx_word' id='word_1_829' title='bbox 2971 4973 2985 4997; x_wconf 92' lang='lat'><strong>,</strong></span> <span class='ocrx_word' id='word_1_830' title='bbox 3042 4932 3168 5002; x_wconf 88' lang='lat' dir='ltr'><strong>quia</strong></span> <span class='ocrx_word' id='word_1_831' title='bbox 3212 4938 3268 4984; x_wconf 92' lang='lat' dir='ltr'><strong>et</strong></span> <span class='ocrx_word' id='word_1_832' title='bbox 3318 4930 3385 4993; x_wconf 76' lang='lat' dir='ltr'><strong>_hi</strong></span> <span class='ocrx_word' id='word_1_833' title='bbox 3430 4930 3520 4998; x_wconf 91' lang='lat' dir='ltr'><strong>qui</strong></span> <span class='ocrx_word' id='word_1_834' title='bbox 3547 4940 3680 4995; x_wconf 70' lang='lat' dir='ltr'><strong>pra!-</strong></span> 
     </span>
    </p>
   </div>
   <div class='ocr_carea' id='block_1_104' title="bbox 2092 5022 3681 5100">
    <p class='ocr_par' dir='ltr' id='par_1_104' title="bbox 2092 5022 3681 5100">
     <span class='ocr_line' id='line_1_104' title="bbox 2092 5022 3681 5100; baseline -0.008 -15"><span class='ocrx_word' id='word_1_835' title='bbox 2092 5039 2305 5100; x_wconf 75' lang='lat' dir='ltr'><strong>cepttum</strong></span> <span class='ocrx_word' id='word_1_836' title='bbox 2362 5036 2687 5098; x_wconf 84' lang='lat' dir='ltr'><strong>acceperunt</strong></span> <span class='ocrx_word' id='word_1_837' title='bbox 2740 5038 2846 5080; x_wconf 86' lang='lat' dir='ltr'><strong>non</strong></span> <span class='ocrx_word' id='word_1_838' title='bbox 2906 5026 3099 5081; x_wconf 86' lang='lat' dir='ltr'><strong>edendi</strong></span> <span class='ocrx_word' id='word_1_839' title='bbox 3150 5025 3219 5079; x_wconf 84' lang='lat' dir='ltr'><strong>de</strong></span> <span class='ocrx_word' id='word_1_840' title='bbox 3260 5024 3478 5086; x_wconf 79' lang='lat' dir='ltr'><strong>arbore,</strong></span> <span class='ocrx_word' id='word_1_841' title='bbox 3546 5022 3681 5074; x_wconf 87' lang='lat' dir='ltr'><strong>sicut</strong></span> 
     </span>
    </p>
   </div>
   <div class='ocr_carea' id='block_1_105' title="bbox 2090 5114 3677 5190">
    <p class='ocr_par' dir='ltr' id='par_1_105' title="bbox 2090 5114 3677 5190">
     <span class='ocr_line' id='line_1_105' title="bbox 2090 5114 3677 5190; baseline -0.006 -13"><span class='ocrx_word' id='word_1_842' title='bbox 2090 5123 2261 5177; x_wconf 79' lang='lat' dir='ltr'><strong>Adam</strong></span> <span class='ocrx_word' id='word_1_843' title='bbox 2282 5120 2633 5190; x_wconf 84' lang='lat' dir='ltr'><strong>fuerunt,qni</strong></span> <span class='ocrx_word' id='word_1_844' title='bbox 2660 5126 3021 5189; x_wconf 83' lang='lat' dir='ltr'><strong>peccaverunt</strong></span> <span class='ocrx_word' id='word_1_845' title='bbox 3046 5132 3152 5171; x_wconf 90' lang='lat' dir='ltr'><strong>non</strong></span> <span class='ocrx_word' id='word_1_846' title='bbox 3176 5116 3536 5185; x_wconf 67' lang='lat' dir='ltr'><strong>prmvaricato</strong></span> <span class='ocrx_word' id='word_1_847' title='bbox 3551 5114 3677 5177; x_wconf 86' lang='lat' dir='ltr'><strong>Deo,</strong></span> 
     </span>
    </p>
   </div>
   <div class='ocr_carea' id='block_1_106' title="bbox 2092 5206 3684 5282">
    <p class='ocr_par' dir='ltr' id='par_1_106' title="bbox 2092 5206 3684 5282">
     <span class='ocr_line' id='line_1_106' title="bbox 2092 5206 3684 5282; baseline -0.006 -16"><span class='ocrx_word' id='word_1_848' title='bbox 2092 5213 2185 5267; x_wconf 86' lang='lat' dir='ltr'><strong>sed</strong></span> <span class='ocrx_word' id='word_1_849' title='bbox 2210 5212 2263 5265; x_wconf 92' lang='lat' dir='ltr'><strong>in</strong></span> <span class='ocrx_word' id='word_1_850' title='bbox 2310 5212 2426 5282; x_wconf 86' lang='lat' dir='ltr'><strong>lege</strong></span> <span class='ocrx_word' id='word_1_851' title='bbox 2476 5211 2730 5265; x_wconf 81' lang='lat' dir='ltr'><strong>naturali.</strong></span> <span class='ocrx_word' id='word_1_852' title='bbox 2776 5210 2879 5277; x_wconf 81' lang='lat' dir='ltr'><strong>Qui</strong></span> <span class='ocrx_word' id='word_1_853' title='bbox 2926 5209 3070 5262; x_wconf 85' lang='lat' dir='ltr'><strong>enim</strong></span> <span class='ocrx_word' id='word_1_854' title='bbox 3114 5207 3404 5270; x_wconf 69' lang='lat' dir='ltr'><strong>intellexit,</strong></span> <span class='ocrx_word' id='word_1_855' title='bbox 3452 5206 3571 5259; x_wconf 71' lang='lat' dir='ltr'><strong>sive</strong></span> <span class='ocrx_word' id='word_1_856' title='bbox 3617 5218 3684 5257; x_wconf 79' lang='lat' dir='ltr'><strong>ex</strong></span> 
     </span>
    </p>
   </div>
   <div class='ocr_carea' id='block_1_107' title="bbox 2094 5300 3687 5368">
    <p class='ocr_par' dir='ltr' id='par_1_107' title="bbox 2094 5300 3687 5368">
     <span class='ocr_line' id='line_1_107' title="bbox 2094 5300 3687 5368; baseline -0.006 -8"><span class='ocrx_word' id='word_1_857' title='bbox 2094 5306 2359 5368; x_wconf 75' lang='lat' dir='ltr'><strong>traduce,</strong></span> <span class='ocrx_word' id='word_1_858' title='bbox 2417 5305 2530 5357; x_wconf 87' lang='lat' dir='ltr'><strong>sive</strong></span> <span class='ocrx_word' id='word_1_859' title='bbox 2586 5303 2785 5357; x_wconf 83' lang='lat' dir='ltr'><strong>indicio</strong></span> <span class='ocrx_word' id='word_1_860' title='bbox 2834 5300 3111 5366; x_wconf 68' lang='lat' dir='ltr'><strong>naturali,</strong></span> <span class='ocrx_word' id='word_1_861' title='bbox 3162 5308 3218 5353; x_wconf 79' lang='lat' dir='ltr'><strong>et</strong></span> <span class='ocrx_word' id='word_1_862' title='bbox 3262 5305 3554 5355; x_wconf 77' lang='lat' dir='ltr'><strong>veneratus</strong></span> <span class='ocrx_word' id='word_1_863' title='bbox 3600 5304 3687 5351; x_wconf 83' lang='lat' dir='ltr'><strong>est</strong></span> 
     </span>
    </p>
   </div>
   <div class='ocr_carea' id='block_1_108' title="bbox 2096 5388 3685 5460">
    <p class='ocr_par' dir='ltr' id='par_1_108' title="bbox 2096 5388 3685 5460">
     <span class='ocr_line' id='line_1_108' title="bbox 2096 5388 3685 5460; baseline -0.006 -9"><span class='ocrx_word' id='word_1_864' title='bbox 2096 5397 2287 5460; x_wconf 88' lang='lat' dir='ltr'><strong>Deum,</strong></span> <span class='ocrx_word' id='word_1_865' title='bbox 2336 5395 2468 5449; x_wconf 88' lang='lat' dir='ltr'><strong>nulli</strong></span> <span class='ocrx_word' id='word_1_866' title='bbox 2517 5393 2978 5449; x_wconf 80' lang='lat' dir='ltr'><strong>honoriﬁcentiam</strong></span> <span class='ocrx_word' id='word_1_867' title='bbox 3028 5391 3264 5447; x_wconf 81' lang='lat' dir='ltr'><strong>nominis</strong></span> <span class='ocrx_word' id='word_1_868' title='bbox 3319 5405 3383 5446; x_wconf 83' lang='lat' dir='ltr'><strong>ac</strong></span> <span class='ocrx_word' id='word_1_869' title='bbox 3429 5388 3685 5454; x_wconf 82' lang='lat' dir='ltr'><strong>majesta-</strong></span> 
     </span>
    </p>
   </div>
   <div class='ocr_carea' id='block_1_109' title="bbox 2097 5480 3688 5555">
    <p class='ocr_par' dir='ltr' id='par_1_109' title="bbox 2097 5480 3688 5555">
     <span class='ocr_line' id='line_1_109' title="bbox 2097 5480 3688 5555; baseline -0.006 -12"><span class='ocrx_word' id='word_1_870' title='bbox 2097 5488 2167 5543; x_wconf 82' lang='lat' dir='ltr'><strong>tis</strong></span> <span class='ocrx_word' id='word_1_871' title='bbox 2192 5485 2309 5555; x_wconf 84' lang='lat' dir='ltr'><strong>ejus</strong></span> <span class='ocrx_word' id='word_1_872' title='bbox 2332 5487 2678 5555; x_wconf 57' lang='lat' dir='ltr'><strong>iapertiens,</strong></span> <span class='ocrx_word' id='word_1_873' title='bbox 2711 5486 2756 5539; x_wconf 91' lang='lat' dir='ltr'><strong>si</strong></span> <span class='ocrx_word' id='word_1_874' title='bbox 2779 5485 3044 5555; x_wconf 74' lang='lat' dir='ltr'><strong>peccavit,</strong></span> <span class='ocrx_word' id='word_1_875' title='bbox 3075 5483 3201 5553; x_wconf 82' lang='lat' dir='ltr'><strong>quia</strong></span> <span class='ocrx_word' id='word_1_876' title='bbox 3231 5480 3563 5553; x_wconf 83' lang='lat' dir='ltr'><strong>impossibile</strong></span> <span class='ocrx_word' id='word_1_877' title='bbox 3597 5486 3688 5535; x_wconf 72' lang='lat' dir='ltr'><strong>est</strong></span> 
     </span>
    </p>
   </div>
   <div class='ocr_carea' id='block_1_110' title="bbox 2097 5575 3686 5649">
    <p class='ocr_par' dir='ltr' id='par_1_110' title="bbox 2097 5575 3686 5649">
     <span class='ocr_line' id='line_1_110' title="bbox 2097 5575 3686 5649; baseline -0.004 -15"><span class='ocrx_word' id='word_1_878' title='bbox 2097 5594 2205 5636; x_wconf 86' lang='lat' dir='ltr'><strong>non</strong></span> <span class='ocrx_word' id='word_1_879' title='bbox 2233 5594 2485 5649; x_wconf 88' lang='lat' dir='ltr'><strong>peccare,</strong></span> <span class='ocrx_word' id='word_1_880' title='bbox 2523 5581 2622 5635; x_wconf 89' lang='lat' dir='ltr'><strong>sub</strong></span> <span class='ocrx_word' id='word_1_881' title='bbox 2654 5580 2764 5634; x_wconf 77' lang='lat' dir='ltr'><strong>Deo</strong></span> <span class='ocrx_word' id='word_1_882' title='bbox 2793 5578 3187 5648; x_wconf 77' lang='lat' dir='ltr'><strong>peccavit,nen</strong></span> <span class='ocrx_word' id='word_1_883' title='bbox 3221 5577 3273 5630; x_wconf 93' lang='lat' dir='ltr'><strong>in</strong></span> <span class='ocrx_word' id='word_1_884' title='bbox 3304 5575 3497 5641; x_wconf 77' lang='lat' dir='ltr'><strong>Deum,</strong></span> <span class='ocrx_word' id='word_1_885' title='bbox 3518 5586 3686 5644; x_wconf 82' lang='lat' dir='ltr'><strong>quem</strong></span> 
     </span>
    </p>
   </div>
   <div class='ocr_carea' id='block_1_111' title="bbox 480 5698 3687 5787">
    <p class='ocr_par' dir='ltr' id='par_1_111' title="bbox 480 5698 3687 5787">
     <span class='ocr_line' id='line_1_111' title="bbox 480 5698 3687 5787; baseline -0.001 -24"><span class='ocrx_word' id='word_1_886' title='bbox 480 5720 505 5749; x_wconf 71' lang='grc' dir='ltr'>α</span> <span class='ocrx_word' id='word_1_887' title='bbox 550 5708 1088 5787; x_wconf 60' lang='lat' dir='ltr'><strong>Yitl.__q_uaru_mdant_</strong></span> <span class='ocrx_word' id='word_1_888' title='bbox 1116 5709 1538 5787; x_wconf 22' lang='lat' dir='ltr'><strong>prtitp‘sitj‘mmIn</strong></span> <span class='ocrx_word' id='word_1_889' title='bbox 1585 5726 1647 5766; x_wconf 75' lang='lat' dir='ltr'><strong>ex</strong></span> <span class='ocrx_word' id='word_1_890' title='bbox 1692 5711 1863 5784; x_wconf 85' lang='lat' dir='ltr'><strong>Epist.</strong></span> <span class='ocrx_word' id='word_1_891' title='bbox 1907 5717 1972 5770; x_wconf 84' lang='lat' dir='ltr'><strong>ad</strong></span> <span class='ocrx_word' id='word_1_892' title='bbox 2005 5710 2164 5773; x_wconf 79' lang='lat' dir='ltr'><strong>Rom.</strong></span> <span class='ocrx_word' id='word_1_893' title='bbox 2206 5714 2264 5771; x_wconf 91' lang='lat' dir='ltr'><strong>S.</strong></span> <span class='ocrx_word' id='word_1_894' title='bbox 2316 5713 2598 5787; x_wconf 77' lang='lat' dir='ltr'><strong>Augustini</strong></span> <span class='ocrx_word' id='word_1_895' title='bbox 2646 5712 3057 5782; x_wconf 61' lang='lat' dir='ltr'><strong>expositionem.</strong></span> <span class='ocrx_word' id='word_1_896' title='bbox 3108 5720 3312 5767; x_wconf 69' lang='lat' dir='ltr'><strong>nostra:</strong></span> <span class='ocrx_word' id='word_1_897' title='bbox 3360 5698 3687 5778; x_wconf 77' lang='lat' dir='ltr'><strong>Patrologia:</strong></span> 
     </span>
    </p>
   </div>
   <div class='ocr_carea' id='block_1_112' title="bbox 411 5777 1509 5845">
    <p class='ocr_par' dir='ltr' id='par_1_112' title="bbox 411 5777 1509 5845">
     <span class='ocr_line' id='line_1_112' title="bbox 411 5777 1509 5845; baseline 0.001 -10"><span class='ocrx_word' id='word_1_898' title='bbox 411 5790 541 5839; x_wconf 85' lang='lat' dir='ltr'><strong>tum.</strong></span> <span class='ocrx_word' id='word_1_899' title='bbox 568 5777 786 5845; x_wconf 62' lang='lat' dir='ltr'><strong>XXXV,</strong></span> <span class='ocrx_word' id='word_1_900' title='bbox 816 5778 918 5835; x_wconf 89' lang='lat' dir='ltr'><strong>col.</strong></span> <span class='ocrx_word' id='word_1_901' title='bbox 952 5778 1113 5844; x_wconf 72' lang='lat'><strong>2067,</strong></span> <span class='ocrx_word' id='word_1_902' title='bbox 1151 5779 1312 5835; x_wconf 67' lang='grc'><strong>2068.</strong></span> <span class='ocrx_word' id='word_1_903' title='bbox 1350 5780 1509 5836; x_wconf 74' lang='lat' dir='ltr'><strong>Enn.</strong></span> 
     </span>
    </p>
   </div>
  </div>
