4056 6336
334 407 470 470 1381

861 405 1422 468 ENARRATIONUM
1458 407 1526 465 IN
1561 404 1714 465 EPP.
1753 405 1965 467 PAULI
2002 407 2133 467 LIB.
2171 409 2258 465 ll].

2325 440 2332 452 -
2400 408 2471 467 lN
2507 407 2730 469 EPIST.
2765 411 2861 469 AD
2895 409 3066 474 non.
3363 401 3398 420 "
3457 413 3598 474 isse

331 534 563 606 iudicem
587 531 758 588 sensit
781 546 795 584 :
821 529 1052 598 ideoque
1072 529 1126 582 in
1151 527 1460 598 hujusmodi
1500 543 1645 584 mors
1686 543 1792 583 non
1824 543 1912 582 re-
1939 529 1988 591 Α
2017 529 2248 582 tudinem
2299 525 2496 599 (Exod.
2544 530 2660 601 xx).
2702 531 2836 586 Data
2871 532 3035 602 igitur
3083 532 3166 586 lex
3205 539 3311 595 est,
3344 545 3413 588 ne
3447 547 3601 592 mors

332 625 559 700 gnavit:
593 623 647 678 in
684 623 784 676 hos
831 628 1015 674 autem
1044 619 1184 674 sicut
1221 621 1330 674 dixi
1375 623 1639 689 regnavit,
1688 622 1780 690 qui
1817 621 1916 676 sub

336 715 516 784 specie
557 712 822 767 idolorum
855 711 1159 764 servierunt
1190 710 1426 764 diabolo.
1453 710 1744 781 Propterea
1777 711 1918 780 quod

333 820 400 862 ex
451 807 508 860 in
565 805 894 860 auctoritate
939 819 1050 858 non
1105 811 1225 857 erat
1275 804 1635 874 promulgata,
1681 803 1918 874 judicem

335 899 503 954 Deum
529 898 850 969 praesentire
889 895 1267 966 nequiverunt.
1318 895 1547 950 Maxima
1577 910 1706 966 pars
1736 894 1920 948 mundi

337 990 502 1045 Deum
555 988 671 1044 fore
717 1001 840 1044 esse
887 987 1127 1058 judicem
1173 987 1478 1056 ignorabat,
1533 985 1788 1055 perpauci
1820 999 1921 1039 au-

335 1090 442 1137 tem
469 1082 524 1136 in
563 1089 834 1151 question
869 1078 1118 1151 regnavit
1147 1091 1323 1144 mors;
1373 1079 1429 1133 in
1459 1085 1801 1148 quos/autem
1837 1090 1922 1132 re-

334 1173 534 1245 gnavit,
565 1180 689 1244 post
723 1172 884 1226 istam
913 1177 1163 1235 mortem,
1189 1183 1311 1238 qua:
1327 1168 1506 1238 prima
1538 1167 1754 1233 dicitur,
1785 1179 1816 1221 a
1838 1182 1922 1224 se—

334 1267 508 1322 cunda
536 1265 749 1336 excepti
789 1273 915 1320 sunt
962 1264 1031 1319 ad
1060 1277 1276 1334 ptenam
1307 1271 1363 1318 et
1383 1262 1742 1333 perditionem
1771 1259 1920 1322 tutu,-

335 1369 469 1412 ram:
483 1357 538 1411 in
553 1369 688 1427 quos
704 1367 884 1411 autem
900 1369 1007 1410 non
1025 1355 1288 1426 regnavit,
1304 1356 1432 1424 quia
1445 1367 1550 1407 non
1565 1360 1925 1422 peccaverunt

334 1462 387 1502 in
418 1446 826 1502 similitudinem
848 1445 1316 1516 praevaricationis
1332 1444 1480 1507 Adae,
1499 1443 1601 1498 sub
1619 1449 1716 1513 spe
1741 1441 1924 1498 reser-

313 1542 442 1595 ’σειί
471 1549 598 1596 sunt
625 1541 878 1594 adventui
903 1537 1207 1593 Salvatoris
1235 1537 1288 1592 in
1324 1537 1702 1592 liberationem
1731 1551 1745 1589 :
1783 1536 1924 1591 sicut

335 1634 604 1702 tegiturde
624 1633 923 1698 Abraham,
943 1632 1068 1702 quia
1089 1632 1337 1702 quamvis
1353 1631 1492 1701 apud
1509 1612 1711 1685 inferos
1739 1627 1922 1696 fuerit,

336 1725 600 1780 discretus
655 1733 835 1779 tamen
868 1723 1036 1794 -long0
1075 1722 1360 1777 intervallo
1405 1730 1510 1786 est,
1553 1723 1626 1776 ita
1677 1730 1738 1776 ut
1758 1722 1927 1777 chaos

337 1825 479 1871 esset
525 1817 716 1886 ingens
741 1815 884 1868 inter
903 1813 1082 1883 justus
1103 1822 1157 1867 et
1181 1821 1494 1884 peccatores
1525 1811 1674 1883 (Luc.
1699 1811 1835 1878 xvi).
1867 1809 1924 1865 Si

2020 633 2294 692 regnaret,
2323 632 2380 678 ut
2403 624 2618 679 abolitis
2647 627 2886 694 pect-atis
2912 627 3204 696 prioribus,
3231 627 3320 681 uni
3351 627 3460 682 Deo
3505 629 3598 685 ob-

2019 719 2341 770 secundaret
2363 733 2530 785 genus
2561 720 2874 774 humanum.
2909 721 3057 775 Unde
3078 721 3183 774 alio
3210 721 3328 775 loco
3357 723 3497 776 idem
3519 723 3602 776 di-

2021 805 2401 876 citApostolus
2435 825 2448 860 :
2499 807 2622 862 Non
2653 820 2824 880 regnet
2852 821 3121 881 peccatum
3157 812 3208 864 in
3250 823 3414 866 vestro
3461 831 3602 867 mor-

2020 897 2115 952 tali
2163 915 2396 967 corpore,
2431 908 2488 953 ut
2517 900 2768 956 obediutis
2824 904 2871 957 ei
2917 903 3094 974 (Rom.
3141 906 3258 975 vi):
3300 919 3406 974 quo
3457 906 3603 961 dicto

2021 989 2258 1044 ostendit
2279 990 2443 1044 etiam
2471 1007 2615 1046 nunc
2637 1008 2860 1064 regnare
2904 1005 3158 1062 mortem,
3183 995 3231 1051 si
3252 996 3342 1050 lex
3363 1005 3604 1052 contem-

2021 1087 2200 1134 natur.
2231 1079 2372 1148 Quid
2400 1081 2544 1138 enim
2596 1098 2822 1154 regnum
2862 1088 3050 1141 mortis
3081 1097 3181 1155 est,
3236 1089 3340 1146 nisi
3371 1105 3492 1146 cum
3544 1091 3606 1144 tit

2024 1171 2272 1227 voluntas
2286 1173 2424 1244 ejus,
2447 1174 2574 1228 dum
2601 1175 2850 1246 imperat,
2869 1177 2937 1232 ad
2961 1175 3256 1249 perniciem
3277 1180 3603 1248 obedientis,

2023 1263 2401 1336 cujusimperii
2424 1267 2674 1322 voluntas
2701 1279 2864 1339 caput
2878 1278 2959 1324 est
2975 1270 3315 1327 idololatriae?
3328 1274 3393 1329 Et
3415 1281 3598 1330 tamen

2026 1355 2104 1411 sic
2131 1357 2505 1425 prtescribitur
2553 1358 2711 1414 nobis
2740 1361 2806 1414 de
2847 1359 3052 1417 Graecis
3099 1363 3403 1432 codicibus,
3449 1367 3606 1436 quasi

2024 1461 2131 1501 non
2161 1447 2259 1516 ipsi
2289 1448 2356 1502 ab
2385 1449 2614 1503 invicem
2663 1449 2970 1520 discrepent
2996 1469 3009 1506 :
3043 1455 3185 1522 quod
3215 1453 3345 1510 facit
3371 1457 3604 1511 studium

2027 1540 2446 1600 contemptionis
2471 1537 2902 1612 [contentionis].
2928 1541 3064 1608 Quia
3087 1543 3230 1597 enim
3245 1545 3461 1614 propria
3487 1546 3610 1615 quis

2029 1629 2352 1684 auctoritate
2383 1630 2461 1683 uti
2487 1643 2594 1684 non
2629 1639 2806 1700 potest
2833 1631 2900 1684 ad
2923 1631 3230 1698 victoriam,
3259 1635 3424 1690 verba
3477 1636 3610 1706 legis

2029 1721 2314 1786 adulterat,
2347 1731 2407 1776 ut
2431 1737 2649 1777 sensum
2672 1738 2829 1778 suum
2858 1726 3014 1794 quasi
3033 1727 3196 1781 verba
3219 1726 3351 1798 legis
3377 1737 3606 1795 asserat;

2029 1824 2088 1867 ut
2123 1829 2229 1868 non
2257 1814 2415 1878 ratio,
2471 1815 2564 1870 sed
2597 1816 2897 1872 auctoritas
2945 1819 3302 1886 praescribere
3339 1819 3605 1876 videatur.

337 1906 670 1977 mterjustos
695 1916 750 1962 et
769 1914 1086 1978 peccatores
1125 1907 1292 1960 chaos
1322 1905 1513 1975 ingens
1539 1911 1680 1970 erat,
1719 1911 1926 1974 quanto
1955 1895 2002 1956 Β
2033 1902 2257 1958 Constat
2315 1913 2496 1958 autem
2551 1905 2652 1960 hoc
2705 1921 2802 1974 per
2829 1909 3089 1977 quosdam
3125 1908 3347 1965 Latinos
3401 1912 3470 1966 de
3516 1929 3606 1968 ve-

337 1999 662 2069 magisinter
683 2000 898 2069 impios,
915 1997 1144 2067 utjustis
1170 2005 1319 2052 esset
1341 1996 1685 2065 refrigeriqu
1709 2003 1768 2050 et
1795 2010 1921 2065 pec-

337 2089 609 2144 catoribus
623 2095 810 2154 aestus,
841 2089 1020 2158 impiis
1045 2103 1175 2144 vero
1215 2089 1398 2154 ardor,
1429 2097 1489 2143 ut
1516 2095 1640 2142 ante
1661 2088 1924 2158 judicium

337 2180 461 2250 quid
484 2180 772 2249 unicuique
793 2180 1014 2251 dignum
1039 2187 1182 2234 esset
1204 2193 1310 2234 non
1341 2178 1536 2234 lateret
1555 2179 1580 2232 ‘t
1599 2179 1675 2234 Ac
1703 2193 1801 2248 per
1823 2178 1924 2233 hoe

338 2273 598 2343 regnabat
625 2274 680 2326 in
704 2287 798 2328 eos
830 2289 999 2338 mors,
1033 2274 1156 2344 quia
1177 2273 1397 2328 videbat
1417 2282 1582 2343 upera
1609 2272 1922 2327 subtilitatis

336 2379 446 2420 suae
469 2365 762 2436 profecisse
777 2367 861 2422 eis
880 2367 946 2422 ad
960 2379 1174 2438 poenam
1190 2369 1342 2436 quasi
1369 2367 1626 2423 inimicis.
1647 2365 1760 2420 Non
1777 2367 1922 2421 enim

337 2461 493 2514 latuit
517 2461 668 2515 illum
695 2463 764 2516 ad
784 2462 886 2516 hoc
909 2460 1108 2515 factum
1124 2459 1467 2516 hominemin
1487 2457 1710 2526 mundo,
1738 2469 1800 2514 ut
1827 2459 1926 2513 itu-

335 2551 548 2622 perium
575 2552 734 2606 unius
757 2552 853 2606 Dei
885 2551 1228 2622 prae'iicaret,
1256 2553 1400 2622 quod
1428 2553 1814 2622 praevaricatus
1841 2557 1925 2606 est

335 2644 588 2700 Satanas.
618 2646 696 2700 Ac
719 2646 764 2700 si
785 2648 843 2700 in
867 2645 1057 2700 Gneco
1081 2661 1189 2700 non
1222 2647 1295 2701 ita
1323 2655 1541 2702 cautum
1565 2647 1777 2702 dicatur
1805 2663 1818 2700 :
1844 2646 1924 2701 sic

333 2738 482 2794 enim
528 2739 729 2794 dicitur
753 2741 1038 2810 scriptum,
1089 2742 1253 2794 etiam
1293 2741 1345 2794 in
1371 2755 1465 2796 eos
1495 2755 1752 2811 regnasse
1781 2753 1926 2794 mor-

335 2838 470 2896 tem,
499 2832 589 2900 qui
619 2844 725 2885 non
755 2841 1118 2902 peccaverunt
1141 2833 1194 2886 in
1223 2833 1629 2888 similitudinem
1662 2833 1924 2904 praevari-

334 2922 572 2978 cationis
599 2923 747 2979 Adae.
764 2925 957 2980 Totum
986 2926 1129 2979 enim
1160 2925 1244 2980 hic
1267 2925 1580 2996 complexus
1605 2927 1836 2990 videtur,
1865 2931 1928 2980 ut

331 3015 466 3088 quia
491 3026 662 3080 mors,
691 3019 746 3072 id
777 3027 860 3073 est
889 3019 1191 3086 dissolutio,
1221 3034 1318 3090 per
1359 3020 1617 3074 invidiam
1671 3021 1812 3074 facta
1841 3028 1926 3074 est

331 3107 562 3174 diaboli,
586 3109 718 3164 etin
751 3125 844 3164 eos
865 3110 956 3178 qui
979 3125 1084 3165 non
1107 3121 1477 3180 peccaverunt
1503 3125 1760 3182 regnasse
1783 3123 1927 3164 mor-

331 3210 447 3257 tem
478 3201 642 3266 dicat,
689 3201 994 3255 moriuntur
1023 3191 1191 3266 enim,
1222 3202 1366 3272 quod
1407 3201 1521 3254 voti
1566 3207 1650 3254 'est
1689 3199 1922 3253 Saturne.

2028 1995 2234 2050 toribus
2279 1995 2483 2050 Graecis
2531 1997 2824 2052 translatos
2871 1999 3172 2065 codicibus,
3201 2017 3336 2072 quos
3363 2003 3613 2059 incorru-

2027 2099 2150 2159 ptos
2178 2087 2497 2158 simplicitas
2521 2101 2825 2161 temporum
2861 2095 3099 2148 servavit
3117 2103 3171 2149 et
3198 2099 3392 2165 probat
3416 2114 3429 2151 :
3461 2106 3605 2167 post-

2027 2198 2190 2252 quam
2219 2191 2402 2236 autem
2429 2199 2462 2236 a
2505 2185 2793 2239 concordia
2845 2187 3042 2241 animis
3089 2188 3504 2252 discedentibus,
3561 2197 3619 2245 et

2027 2272 2296 2328 btereticis
2317 2280 2469 2344 pertu
2479 2274 2759 2330 rbantibus
2779 2277 3018 2346 torqueri
3035 2279 3423 2346 quzestiouibus
3435 2294 3616 2352 cmpe-

2025 2374 2167 2426 runt,
2199 2363 2367 2419 multa
2399 2365 2680 2420 immutata
2705 2375 2831 2422 sunt
2861 2368 2929 2422 ad
2957 2383 3178 2442 sensum
3211 2371 3527 2435 humanum,
3557 2380 3618 2427 ut

2024 2455 2130 2511 hoc
2179 2455 2551 2510 contineretur
2581 2456 2634 2511 in
2665 2455 2864 2512 litteris
2885 2459 3032 2528 quod
3079 2461 3282 2516 homini
3313 2463 3612 2530 videretur;

2025 2545 2167 2600 unde
2187 2559 2241 2600 et
2273 2545 2372 2615 ipsi
2399 2544 2574 2601 Graeci
2597 2546 2841 2603 diversos
2867 2550 3082 2606 codices
3123 2551 3342 2606 habent.
3373 2551 3488 2608 Hoc
3515 2567 3614 2608 au-

2028 2647 2136 2692 tem
2166 2653 2354 2692 verum
2406 2638 2668 2705 arbitror,
2702 2641 2918 2710 quando
2938 2649 2994 2696 et
3021 2642 3160 2696 ratio
3196 2652 3252 2697 et
3282 2643 3530 2707 historia,
3562 2651 3618 2698 et

2026 2729 2323 2784 auctoritas
2365 2730 2730 2786 observatur:
2785 2748 2910 2787 nam
2952 2733 3113 2788 hodie
3160 2749 3280 2804 qua:
3329 2734 3381 2788 in
3407 2733 3620 2791 Latinis

2027 2823 2498 2891 reprehenduntur
2528 2824 2831 2890 codicibus,
2862 2825 2941 2881 sic
2969 2825 3320 2880 inveniuntur
3356 2842 3388 2880 a
3415 2829 3616 2883 veteri—

2027 2917 2130 2970 bus
2155 2917 2352 2986 posita,
2379 2917 2728 2982 'l‘ertulliano,
2757 2919 3055 2986 Victorino,
3088 2931 3144 2976 et
3173 2923 3465 2993 Cyprium.
3495 2923 3619 2978 Pri-

2029 3019 2177 3063 mum
2216 3010 2360 3064 enim
2409 3009 2465 3062 in
2503 3007 2687 3065 Judaea
2719 3011 2885 3082 etrapit
2908 3011 3113 3066 destrui
3139 3028 3370 3083 regnum
3403 3014 3614 3080 mortis,

2027 3101 2157 3170 quia
2194 3114 2348 3156 notus
2399 3103 2453 3156 in
2497 3103 2690 3158 Judwa
2729 3103 2871 3158 Deus
2906 3103 3082 3176 (Paul.
3108 3105 3308 3177 Lxxv);
3353 3121 3499 3161 nunc
3527 3121 3621 3161 au-

2033 3199 2139 3244 tem
2191 3192 2244 3245 in
2275 3193 2532 3248 omnibus
2581 3195 2832 3264 gentibus
2863 3197 3104 3265 quotidie
3129 3199 3448 3264 destruitur,
3489 3199 3620 3254 dum

329 3291 494 3361 Quod
539 3292 585 3346 si
629 3259 821 3347 verum
855 3299 1022 3358 esset,
1063 3259 1190 3346 non,
1225 3259 1465 3362 oportuit
1489 3291 1597 3345 dici
1631 3307 1644 3344 :
1672 3290 1924 3360 Regnavit
1953 3259 2000 3324 Ο
2031 3301 2224 3358 magna
2245 3303 2312 3342 ex
2339 3296 2494 3358 parte
2521 3259 2741 3344 ex'ﬁliis
2778 3259 2976 3344 diaboli
3002 3291 3138 3346 ﬁunt
3167 3291 3260 3345 tilii
3287 3291 3403 3346 Dei.
3433 3259 3621 3362 itaque

331 3401 481 3441 mors
513 3385 578 3438 ab
624 3384 793 3438 Adam
823 3401 987 3456 usque
1018 3385 1086 3438 ad
1131 3383 1365 3454 Moysen,
1397 3384 1440 3438 si
1466 3384 1539 3438 ab
1571 3383 1726 3436 initio
1755 3397 1927 3451 usque

335 3477 410 3532 ad
433 3475 595 3530 tinem
621 3483 812 3545 regnat
832 3475 887 3528 in
913 3489 1142 3529 omnes:
1187 3483 1280 3528 aut
1301 3476 1440 3529 forte
1466 3475 1666 3544 gradus
1695 3473 1842 3539 fecit,
1866 3483 1928 3528 ut

337 3570 413 3624 ab
461 3567 630 3625 Adam
661 3579 840 3635 usque
889 3566 957 3620 ad
1004 3564 1222 3637 Moysen
1267 3565 1590 3637 regnaverit,
1613 3565 1929 3636 etaMoyse

339 3673 517 3728 usque
546 3659 613 3713 ad
642 3659 950 3724 Christum;
981 3672 1012 3711 a
1038 3657 1253 3714 Christo
1279 3673 1408 3713 vero
1449 3661 1623 3728 usque
1649 3659 1716 3711 ad
1742 3658 1926 3721 tinem,

337 3759 403 3805 ut
429 3749 496 3802 ad
527 3763 690 3816 quam
720 3746 1004 3801 utilitatem
1037 3747 1153 3802 hzec
1199 3746 1400 3801 locutio
1447 3746 1757 3816 proﬁceret,
1805 3761 1929 3800 cum

339 3854 445 3896 nec
459 3839 538 3894 sic
561 3838 1062 3906 locutusprobctur.
1083 3837 1227 3890 Dixit
1245 3836 1389 3891 enim
1415 3854 1428 3889 :
1452 3836 1526 3890 Ab
1551 3836 1720 3890 Adam
1745 3850 1930 3906 regna-

341 3931 414 3984 uit
444 3945 585 3983 mors
621 3944 783 3999 usque
810 3927 878 3980 ad
911 3927 1147 3997 Moysen,
1179 3935 1398 3996 propter
1419 3927 1561 3994 quod
1577 3926 1662 3980 lex
1685 3939 1790 3980 non
1814 3933 1932 3980 erat

341 4018 714 4083 manifestata,
763 4026 822 4072 ut
851 4018 972 4072 data
1003 4018 1118 4088 lege
1154 4019 1253 4072 sub
1277 4019 1600 4072 auctoritate
1647 4018 1764 4088 ejus
1785 4017 1931 4071 vive-

343 4121 486 4174 rent,
539 4111 776 4166 scientes
817 4109 944 4178 quid
989 4120 1264 4175 caverent,
1325 4125 1392 4164 ne
1437 4119 1692 4180 regnaret
1727 4109 1782 4162 in
1837 4123 1930 4162 eos

344 4222 513 4262 mors.
571 4207 738 4278 Igitur
781 4206 872 4275 qui
927 4213 1050 4259 ante
1105 4205 1304 4276 legenr
1326 4207 1428 4260 hoc
1465 4205 1703 4260 servavit
1731 4213 1928 4259 natura

343 4301 482 4354 duce
519 4300 665 4368 quod
687 4307 872 4368 postea
903 4295 986 4353 lex
1012 4299 1304 4364 mandavit,
1335 4299 1579 4367 nunquid
1607 4307 1782 4368 potest
1822 4298 1928 4352 dici

341 4396 472 4466 quia
519 4409 665 4448 mors
689 4395 937 4464 regnavit
977 4392 1034 4446 in
1064 4393 1222 4447 eum?
1275 4405 1400 4446 nam
1433 4393 1554 4445 vide
1601 4392 1729 4462 quid
1757 4392 1822 4446 de
1865 4405 1930 4445 eo

322 4474 604 4556 .scriptum
622 4487 692 4540 sit
719 4499 736 4538 :
767 4483 1072 4550 Peccatum,
1095 4476 1287 4554 inquit,
1308 4500 1408 4538 non
1432 4485 1792 4554 imputabatur
1811 4498 1930 4535 cum

343 4578 430 4631 (ex
454 4593 557 4630 non
583 4586 737 4640 esset,
771 4584 826 4630 et
847 4574 1063 4643 adjecit,
1097 4593 1109 4628 :
1139 4575 1228 4629 sed
1261 4577 1486 4644 regnavit
1507 4590 1648 4627 mors
1671 4575 1735 4628 ab
1759 4573 1930 4626 Adam

344 4683 510 4739 usque
540 4669 608 4720 ad
662 4667 896 4737 Moysen,
935 4681 1000 4722 eo
1029 4666 1213 4736 utique
1265 4675 1525 4734 tempore,
1565 4681 1672 4733 quo
1701 4663 1784 4718 lex
1821 4678 1929 4717 non

343 4770 502 4816 erat:
535 4772 591 4816 et
621 4761 894 4825 convenit,
925 4769 984 4814 ut
1033 4760 1159 4830 quia
1219 4767 1506 4828 antequam
1561 4757 1645 4812 lex
1689 4758 1929 4823 daretur,

343 4867 496 4911 mors
523 4853 786 4924 regnavit,
824 4855 873 4906 in
905 4867 998 4908 eos
1027 4868 1282 4923 regnasse
1304 4852 1536 4914 dicatur,
1584 4850 1674 4920 qui
1693 4863 1934 4929 peccaue-

344 4957 468 5004 runt
495 4949 549 5001 in
570 4945 967 5000 simititudinem
981 4944 1427 5016 prwvaricationls
1443 4943 1592 5007 Λάαν,
1613 4942 1752 4996 siettt
1767 4955 1932 5009 supra

344 5037 789 5096 memoravimus.
847 5035 998 5092 Sicut
1028 5034 1174 5090 enim
1213 5041 1336 5104 post
1385 5033 1566 5086 datam
1614 5030 1787 5100 legem
1838 5029 1933 5100 qui

348 5134 712 5199 fornicationi,
745 5141 838 5186 aut
868 5131 1024 5186 idolis
1046 5130 1372 5195 servierunt,
1402 5134 1812 5182 contemnentes
1861 5125 1935 5179 le-

352 5227 683 5296 gislatorem,
727 5223 977 5295 regnavit
1033 5223 1088 5276 in
1143 5237 1238 5275 eos
1287 5235 1467 5284 mors;
1516 5219 1589 5273 ita
1611 5229 1665 5272 et
1701 5225 1826 5271 ante
1855 5216 1934 5270 le—

349 5331 472 5386 gem
509 5317 600 5385 qui
649 5331 865 5372 sensum
901 5317 1034 5388 legis
1075 5319 1476 5386 praesensertmt
1515 5311 1936 5366 honoriﬁeantes

350 5415 625 5460 auctorem
662 5407 797 5476 ejus,
851 5418 957 5461 non
1001 5407 1193 5477 utique
1237 5405 1481 5476 regnavit
1506 5405 1557 5458 in
1617 5417 1710 5458 eos
1733 5415 1884 5458 mors
1919 5419 1932 5456 :

352 5503 636 5568 prepterea
659 5497 804 5550 enim
831 5511 1088 5567 regnasse
1111 5498 1328 5562 dicitur,
1358 5495 1485 5566 quia
1513 5495 1752 5565 cognitio
1781 5495 1938 5548 unius

355 5588 450 5644 Dei
475 5600 772 5642 evanuerat
793 5589 848 5642 in
888 5591 1068 5645 terris.
1103 5589 1348 5660 Denique
1373 5589 1452 5644 sic
1476 5589 1640 5657 coepit
1674 5588 1797 5640 data
1825 5587 1934 5640 iex:

349 5676 466 5750 'Ega
481 5681 1075 5750 sum,inquit,Domim¢s
1093 5683 1230 5738 Deus
1245 5682 1480 5754 tuus,qui
1493 5682 1555 5736 ed
1562 5683 1648 5734 turi
1663 5690 1710 5734 te
1723 5680 1788 5733 de
1800 5689 1940 5732 terra

352 5771 594 5846 ngypti,
610 5772 674 5826 de
693 5771 848 5826 domo
871 5772 1170 5826 servitutis:
1201 5785 1466 5830 nouerunt
1491 5772 1585 5828 tibi
1606 5771 1681 5824 dii
1695 5769 1789 5822 alii
1807 5782 1941 5840 prte-

352 5875 434 5926 τεν
457 5885 552 5934 me,
596 5874 650 5925 et
675 5880 782 5923 mm
803 5863 968 5936 facies
986 5863 1080 5918 tibi
1105 5863 1333 5932 idolum,
1369 5879 1534 5935 neque
1558 5862 1722 5916 ultam
1753 5861 1940 5916 anniti-

2031 3393 2140 3432 non
2165 3379 2216 3430 in
2245 3393 2437 3433 mnites
2460 3381 2706 3449 regnavit
2732 3396 2900 3448 mors,
2943 3383 3037 3437 sed
3068 3383 3122 3437 in
3153 3397 3250 3438 eos
3292 3385 3381 3454 qui
3429 3399 3621 3454 pecca-

2035 3477 2230 3522 verunt
2263 3468 2318 3522 in
2346 3469 2755 3524 similitudinem
2787 3472 3249 3540 praevaricationis
3297 3474 3448 3541 Adze,
3476 3476 3624 3530 sicut

2032 3573 2203 3629 supra
2253 3561 2574 3614 memoravi.
2625 3559 2797 3614 Adam
2853 3573 3035 3616 autem
3087 3563 3208 3618 ideo
3242 3564 3417 3622 forma
3455 3565 3622 3620 futuri

2033 3664 2134 3716 est,
2163 3653 2288 3724 quia
2321 3654 2434 3724 jam
2489 3661 2617 3709 tunc
2653 3655 2709 3708 in
2752 3656 3012 3724 mysterio
3051 3657 3293 3712 decrevit
3347 3658 3488 3712 Deus
3526 3673 3624 3728 per

2031 3763 2199 3804 unum
2249 3749 2524 3803 Christum
2563 3749 2876 3814 emendare,
2918 3751 3062 3819 quod
3102 3765 3200 3820 per
3249 3755 3417 3805 unum
3446 3751 3620 3806 Adam

2031 3854 2316 3912 peccatum
2346 3849 2486 3906 erat,
2513 3842 2656 3897 sicut
2677 3841 2790 3896 dixi
2819 3843 2874 3896 in
2910 3841 3228 3912 Apocalypsi
3253 3841 3474 3897 Joannis
3494 3855 3622 3912 apo-

2033 3939 2156 3995 stoli
2207 3938 2392 4010 (Apoc.
2416 3938 2550 4010 xvii)
2594 3937 2844 4006 :Agmts,
2883 3935 3078 4004 inquit,
3110 3935 3200 4002 qui
3239 3935 3443 3988 occisus
3481 3944 3556 3988 est
3589 3952 3623 3990 a

2027 4031 2406 4086 'constitutione
2436 4030 2640 4085 mundi.
2681 4029 2866 4101 (Aug)
2902 4025 3186 4096 Apostolus
3236 4024 3501 4095 prolixius
3555 4025 3623 4080 de

2035 4119 2246 4173 duobus
2295 4116 2604 4171 hominibus
2653 4109 2893 4182 disputat
2937 4127 3044 4166 uno
3095 4112 3396 4180 eodemque
3448 4111 3622 4180 primo

2033 4209 2225 4273 Adam,
2277 4223 2371 4278 per
2427 4206 2582 4274 cujus
2651 4215 2930 4276 peccatum
2987 4213 3042 4259 et
3087 4211 3318 4257 mortem
3361 4211 3620 4273 tanquam

2034 4299 2396 4357 haereditariis
2415 4299 2583 4354 matis
2624 4299 2829 4370 posteri
2867 4298 2988 4368 ejus
3016 4296 3236 4366 obligati
3273 4309 3481 4351 sumus.
3531 4295 3624 4350 Al-

2035 4407 2152 4450 tero
2197 4405 2376 4450 autem
2415 4397 2652 4450 secundo
2681 4394 2874 4457 Adam,
2905 4394 2999 4463 qui
3041 4407 3147 4446 non
3195 4393 3359 4448 homo
3391 4400 3621 4458 tantum,

2035 4489 2128 4543 sed
2156 4488 2320 4543 etiam
2345 4488 2486 4542 Deus
2511 4495 2614 4552 est,
2640 4501 2748 4556 quo
2772 4498 2872 4556 pro
2895 4486 3054 4540 nobis
3083 4485 3327 4540 solvente
3351 4484 3493 4554 quod
3517 4498 3626 4538 non

2035 4582 2289 4642 debebat,
2341 4595 2372 4632 a
2420 4579 2617 4633 debitis
2653 4585 2710 4632 et
2751 4576 2990 4646 paternis
3030 4584 3084 4630 et
3125 4575 3360 4644 propriis
3408 4574 3624 4628 liberati

2033 4689 2242 4731 sumus.
2271 4671 2510 4726 Proinde
2555 4685 2692 4738 quos
2744 4677 2968 4737 propter
3017 4680 3185 4719 unum
3218 4665 3372 4718 illum
3411 4663 3626 4717 tenebat

2035 4766 2283 4822 diabolus
2312 4778 2500 4819 omnes
2527 4775 2624 4831 per
2650 4760 2765 4829 ejus
2785 4759 3033 4812 vitiatam
3061 4756 3334 4809 carnalem
3365 4756 3623 4823 concupi-

2035 4859 2296 4914 scentiam
2344 4865 2632 4927 generatos
2679 4851 2887 4921 justum
2935 4860 3040 4914 est,
3083 4859 3144 4904 ut
3197 4856 3428 4918 propter
3478 4850 3626 4902 hunc

2033 4963 2203 5006 unum
2247 4949 2483 5004 dimittat
2513 4959 2703 4999 omnes
2731 4957 2827 5012 per
2857 4942 3024 5011 ipsius
3069 4939 3469 4994 immaculatam
3502 4953 3624 5008 gra-

2035 5042 2165 5096 tiam
2193 5046 2558 5110 regeneratus.
2589 5035 2645 5089 Si
2681 5033 2969 5105 Apostolus
2993 5031 3297 5086 imitatione
3321 5031 3421 5084 hoc
3462 5028 3621 5084 intel-

2037 5135 2127 5206 iigi
2152 5133 2411 5192 voluisset
2431 5145 2530 5200 per
2553 5127 2824 5183 diabolum
2845 5125 3029 5195 potius
3047 5132 3332 5193 peccatum
3374 5121 3429 5174 in
3462 5135 3621 5174 mun-

2036 5228 2164 5282 dum
2199 5227 2403 5279 intrare
2434 5223 2700 5276 dixisset:
2741 5219 2808 5274 de
2851 5217 3064 5273 diabolo
3116 5212 3312 5286 quippe
3361 5214 3625 5285 scriptum

2040 5330 2123 5375 est
2149 5337 2162 5372 ε
2189 5318 2475 5372 imitantur
2515 5328 2660 5376 eum,
2712 5311 2804 5381 qui
2835 5319 2959 5365 sunt
2990 5324 3057 5364 ex
3093 5319 3252 5382 parte
3285 5309 3474 5378 ipsius.
3515 5305 3624 5361 Sed

2041 5409 2161 5464 ideo
2188 5419 2284 5476 per
2316 5419 2479 5458 unum
2513 5403 2782 5457 hominem
2814 5401 2968 5463 dixit,
3011 5415 3038 5453 a
3069 5414 3176 5469 quo
3223 5399 3501 5470 generatio
3532 5397 3628 5451 ho-

2041 5502 2248 5555 minum
2278 5497 2463 5567 ('(epit,
2481 5503 2540 5548 ut
2554 5493 3065 5563 pergenerationem
3085 5492 3304 5548 doceret
3323 5505 3446 5544 esse
3457 5487 3625 5557 origi-

2044 5591 2166 5646 nale
2195 5597 2502 5658 peccatum,
2533 5589 2755 5655 propter
2795 5583 2903 5640 hoc
2943 5585 3078 5638 sicut
3109 5600 3202 5654 per
3245 5597 3409 5636 unum
3460 5579 3628 5633 homi-

2042 5696 2161 5738 nem
2187 5681 2241 5735 in
2267 5682 2404 5734 hunc
2429 5679 2687 5733 mundum
2713 5687 2982 5748 peccatum
3008 5677 3243 5732 intravit.
3292 5685 3340 5728 et
3377 5688 3472 5742 per
3503 5683 3630 5741 poc-

2043 5782 2410 5837 catuin'mors,
2443 5781 2493 5825 et
2529 5771 2606 5825 ita
2637 5772 2694 5826 in
2716 5783 2896 5825 arimos
2927 5771 3160 5824 homines
3180 5765 3510 5838 pertransiit;
3566 5765 3628 5817 in

2043 5881 2145 5939 quo
2197 5873 2378 5919 cum;
2455 5871 2819 5932 peccauerunt,
2889 5862 3032 5918 sicut
3075 5861 3146 5916 ab
3196 5857 3290 5914 illo
3357 5871 3468 5914 uno
3523 5855 3625 5912 lio-
