4056 6336
293 336 432 394 1⁸585

823 337 1370 395 ENARRATIONUM
1409 337 1474 392 IN
1514 337 1661 392 EPP.
1707 333 1906 389 PAULI
1948 333 2072 386 LIB.
2105 333 2188 387 ιιι.
2228 363 2296 374 —
2332 332 2398 386 lN
2446 332 2662 388 EPlST.
2704 335 2796 388 AD
2835 333 2999 390 ROM.

3398 333 3422 386 1
3432 334 3536 390 386

291 452 422 507 tenti
454 450 835 522 perstrinxisse
862 451 1050 521 paucis
1083 467 1144 505 ea
1171 467 1288 520 qua:
1314 450 1602 520 Apostolus
1646 449 1859 503 obtecta
1893 450 1936 508 Λ
1966 446 2246 501 Manifesta
2300 447 2569 501 diversum
2622 459 2738 511 est,
2802 449 2926 520 quia
2981 464 3088 503 uno
3138 431 3278 505 Αάωῖ
3319 465 3540 520 peccato

291 559 414 601 esse
446 543 638 608 voluit,
663 543 939 612 sequentia
966 543 1320 611 requiramus.
1343 541 1558 594 Addidit
1582 549 1700 608 post
1733 541 1865 601 lucc,

292 635 380 704 qui
429 641 502 686 est
535 631 705 700 forma
747 632 932 700 futuri.
962 632 1114 698 Quod
1144 632 1359 701 quidem
1393 631 1696 699 ambiguum
1739 628 1869 682 mihi

292 723 504 776 videtur
551 731 730 776 utrum
780 735 936 777 exeo
986 729 1225 790 tempore
1290 738 1396 791 quo
1447 721 1561 775 haec
1604 721 1874 775 scribebat

294 813 589 883 Apostolus
615 813 786 867 Adam
815 813 980 867 futuri
1019 812 1190 866 forma
1219 813 1436 876 dicitur,
1468 813 1624 880 quod
1653 820 1736 866 est
1777 827 1876 865 sm-

296 903 404 958 culi
424 903 633 958 venturi
657 920 670 968 ;
698 919 766 957 an
805 919 836 957 a
865 903 1174 970 semetipso,
1200 902 1253 956 id
1275 913 1375 966 est,
1401 903 1466 955 ab
1491 902 1662 955 Adam
1690 900 1874 966 futuri,

295 1004 358 1050 ut
394 996 446 1048 in
470 994 686 1050 Christo
710 994 1030 1064 accipiatur,
1056 993 1198 1062 quod
1233 1003 1441 1064 tempus
1488 993 1740 1062 Apostolo
1766 992 1880 1047 haec

299 1087 558 1142 scribenti
599 1087 834 1140 futurum
872 1099 979 1140 non
1011 1096 1147 1150 erat,
1186 1087 1276 1141 sed
1297 1087 1645 1154 praeteritum.
1684 1085 1881 1151 Quam-

1970 539 2308 592 condemnati
2350 546 2512 601 sunt,
2561 539 2650 607 qui
2695 540 2747 594 in
2782 541 3184 596 similitudinem
3222 543 3544 613 przevarica-

1975 631 2138 684 tionis
2167 632 2283 698 ejus
2317 639 2677 699 peccaverunt
2718 648 2731 683 :
2764 632 2936 700 gratia
2968 647 3097 686 vero
3135 633 3228 686 Dei
3267 648 3362 702 per
3383 633 3542 689 Chri-

1973 731 2115 776 stum
2152 737 2254 774 non
2287 736 2352 776 ex
2383 736 2490 774 uno
2526 722 2752 786 delicto,
2786 723 2878 776 sed
2914 739 2977 777 ex
3019 723 3204 778 multis
3230 724 3547 793 justillcavit

1975 810 2252 873 homines,
2285 809 2458 864 dando
2493 809 2596 864 illis
2628 812 2997 866 remissionem
3033 823 3399 882 peccatorum.
3434 815 3548 871 Hoc

1977 902 2042 954 ad
2081 899 2536 968 magnificentiam
2576 889 2788 970 pietatis
2823 903 2914 956 Dei
2955 913 3008 958 et
3047 904 3248 960 Christi
3293 907 3544 976 loquitur,

1977 998 2038 1044 ut
2063 1005 2186 1043 cum
2216 989 2412 1044 delicto
2448 989 2577 1043 Adae
2615 990 2763 1044 multi
2793 999 3040 1048 tenentur
3064 1010 3092 1048 a
3119 1005 3292 1050 morte
3315 997 3550 1052 secunda

1981 1080 2035 1134 in
2069 1079 2282 1134 inferno
2317 1078 2593 1144 inferiori;
2626 1078 2825 1134 donum
2863 1091 3036 1138 tamen
3063 1086 3249 1154 gratia:
3274 1087 3389 1153 Dei,
3427 1103 3549 1142 cum

297 1177 382 1232 vis
409 1185 464 1231 et
497 1177 548 1232 in
579 1175 684 1230 alio
714 1177 851 1241 loco,
883 1191 1004 1230 cum
1034 1175 1100 1230 de
1133 1177 1300 1229 Adam
1333 1185 1389 1229 et
1416 1177 1522 1230 E'va
1551 1176 1880 1246 loqueretur,
1975 1170 2179 1240 justum
2216 1177 2358 1223 esset
2403 1169 2565 1239 plecti
2608 1169 2756 1234 illos,
2799 1186 2904 1224 non
2950 1173 3120 1227 solum
3167 1176 3395 1244 ignoscit
3425 1177 3550 1239 illis,

299 1267 442 1322 idem
469 1266 757 1335 Apostolus
796 1265 992 1319 dixerit
1025 1280 1039 1318 :
1069 1265 1371 1336 Mysterium
1397 1267 1492 1319 hoc
1515 1282 1758 1335 magnum
1783 1274 1881 1329 est,

300 1375 394 1428 ego
415 1368 590 1411 autem
618 1357 736 1411 dico
763 1358 819 1411 in
851 1355 1058 1411 Christo
1097 1365 1145 1411 et
1187 1358 1241 1409 in
1268 1356 1502 1410 Ecclesia
1529 1358 1546 1426 (
1571 1355 1762 1427 Ephes.
1804 1355 1882 1426 ν),

1983 1261 2076 1314 sed
2106 1258 2388 1327 justiﬁcat.
2427 1258 2610 1330 (Aug.)
2649 1260 2842 1314 Dicant
2868 1263 3130 1328 hmretici,
3181 1267 3448 1334 quomodo
3487 1283 3554 1322 ex

1985 1367 2092 1406 uno
2120 1350 2314 1405 delicto
2341 1350 2393 1404 in
2428 1351 2955 1418 condemnationem,
2986 1353 3088 1408 nisi
3117 1355 3242 1423 quia
3268 1355 3462 1411 sullicit
3487 1358 3556 1412 ad

301 1465 410 1518 quo
447 1449 660 1502 videtur
708 1448 810 1501 hoc
837 1449 1008 1516 magis
1057 1449 1212 1502 nobis
1261 1449 1328 1502 ad
1363 1447 1764 1518 intelligendum
1799 1444 1889 1500 de-
1986 1443 2489 1499 condenmationem
2530 1443 2706 1496 etiam.
2743 1459 2906 1497 unum
2947 1444 3208 1516 originale
3255 1459 3555 1516 peccatum,

301 1539 472 1600 disse,
509 1538 652 1606 quod
693 1537 865 1590 forma
889 1537 1052 1590 futuri
1077 1537 1294 1591 dicatur
1325 1537 1498 1607 Adam
1532 1538 1583 1591 in
1635 1534 1887 1605 eoquod
1987 1534 2132 1604 quod
2169 1534 2224 1588 in
2277 1548 2467 1588 omnes
2506 1533 2751 1588 homines
2802 1537 3132 1604 pertransiit.
3173 1536 3354 1593 Gratia
3406 1554 3559 1605 vero,

303 1629 522 1683 advenit
564 1627 816 1682 Christus
859 1629 927 1681 ad
958 1628 1251 1682 Ecclesiam
1284 1629 1383 1682 sibi
1414 1629 1719 1682 sociandam
1751 1641 1766 1680 :
1798 1642 1890 1683 ne-
1989 1627 2111 1681 ideo
2139 1641 2208 1680 ex
2235 1625 2419 1680 multis
2462 1625 2671 1681 delictis
2701 1627 2755 1682 in
2786 1625 3249 1697 justiﬁeationem,
3289 1633 3414 1701 quia
3456 1649 3561 1687 non

305 1719 421 1774 scio
456 1735 588 1773 sane
627 1719 898 1787 quomodo
942 1719 1064 1788 quis
1105 1719 1277 1788 possit
1310 1727 1364 1771 et
1394 1719 1890 1787 prmvaricationem
1991 1717 2163 1771 solum
2185 1732 2352 1770 unum
2383 1715 2514 1770 illud
2546 1716 2708 1772 solvit
2734 1719 2875 1787 quod
2929 1719 3264 1790 originaliter
3309 1723 3562 1788 trahitur,

305 1811 441 1880 ejus,
461 1821 528 1865 'et
552 1820 856 1880 peccatum,
886 1820 939 1866 et
971 1812 1071 1865 hoc
1105 1812 1250 1880 quod
1298 1826 1444 1864 mors
1482 1826 1576 1879 per
1608 1809 1783 1878 ipsum
1832 1809 1884 1862 in
1917 1817 1964 1877 Β
1994 1807 2089 1862 sed
2126 1807 2290 1861 etiam
2321 1814 2536 1872 caatera,
2571 1823 2689 1876 qua:
2713 1808 2766 1862 in
2789 1825 2896 1864 uno
2927 1826 3137 1882 quoque
3171 1813 3388 1868 homine
3415 1823 3563 1869 motu

305 1919 498 1959 omnes
519 1904 766 1958 homines
784 1902 1096 1974 pertransiit
1122 1903 1173 1956 in
1198 1903 1369 1957 forma
1394 1901 1595 1978 Christi
1625 1902 1886 1972 coaptari,

305 2011 375 2049 ne
403 1994 543 2049 forte
565 2003 619 2047 et
640 1994 947 2058 contrariis,
971 2002 1032 2048 ut
1056 1994 1196 2050 idem
1239 1994 1526 2064 Apostolus
1562 1994 1614 2047 in
1643 1994 1889 2064 superio-

306 2085 457 2140 ribus
479 2085 719 2156 exponit,
745 2101 866 2141 cum
893 2086 1044 2152 dicit,
1071 2087 1204 2141 sicut
1230 2087 1366 2141 enim
1407 2103 1498 2156 per
1539 2102 1699 2140 unum
1729 2086 1894 2139 homi-

308 2195 425 2234 nem
447 2194 609 2243 mors,
641 2179 716 2231 ita
739 2187 788 2232 et
808 2195 900 2248 per
922 2195 1084 2232 unum
1117 2179 1428 2234 resurrectio
1455 2189 1814 2242 mortuorum;
1839 2185 1896 2231 et

308 2269 503 2325 iterum
514 2312 528 2334 ,
542 2272 673 2324 sicut
697 2272 832 2325 enim
848 2288 940 2341 per
957 2271 1358 2326 inobedientiam
1374 2272 1529 2326 unius
1544 2272 1767 2325 hominis
1781 2287 1896 2340 pec-

309 2372 512 2416 catores
536 2363 805 2416 constituti
827 2372 949 2416 sunt
976 2362 1152 2429 multi,
1176 2365 1250 2418 ita
1274 2373 1322 2418 et
1356 2379 1448 2434 per
1476 2365 1632 2417 unius
1655 2362 1896 2418 obedien-

306 2453 437 2508 tiam
457 2454 594 2523 justi
647 2457 1026 2510 constituentur
1067 2456 1238 2511 multi.
1271 2456 1327 2512 Si
1368 2472 1498 2513 vero
1539 2457 1899 2527 intelligamus

307 2544 628 2614 Apostolum
657 2563 687 2600 a
719 2547 832 2602 suis
857 2548 1209 2617 temporibus,
1237 2549 1439 2618 quibus
1481 2549 1596 2603 haec
1627 2549 1900 2603 scribebat

309 2635 514 2690 dixisse
535 2636 708 2691 Adam
734 2636 897 2690 futuri
917 2652 1037 2692 esse
1059 2637 1288 2692 formam
1311 2656 1325 2702 ;
1353 2639 1426 2692 ita
1449 2639 1620 2708 magis
1643 2638 1898 2709 intelligi-

309 2735 422 2790 tur,
439 2726 582 2796 quod
607 2727 748 2781 sicut
765 2727 817 2782 in
843 2729 943 2784 hoc
966 2730 1164 2784 saeculo
1185 2745 1333 2785 mors
1357 2729 1601 2802 regnavit
1622 2745 1718 2800 per
1736 2745 1900 2784 unum

307 2817 508 2882 Adam,
528 2826 583 2872 et
598 2818 827 2872 mortale
849 2818 1098 2874 ell'ectum
1119 2829 1202 2874 est
1230 2837 1387 2875 omne
1407 2821 1684 2876 hominum
1711 2835 1898 2889 genus,

314 2910 394 2964 ita
423 2909 552 2964 etin
592 2908 774 2965 futuro
801 2911 996 2966 saeculo
1044 2912 1153 2966 vita
1195 2914 1441 2983 regnabit
1483 2929 1581 2984 per
1605 2913 1900 2979 Christum,

314 3011 373 3056 et
401 3000 806 3056 immortalitate
836 3003 1122 3057 donabitur
1159 3019 1320 3058 omne
1347 3004 1619 3058 hominum
1651 3018 1840 3072 genus.

386 3088 492 3144 Sed
541 3107 644 3145 non
703 3093 836 3147 sicut
886 3092 1150 3157 delictum,
1185 3095 1261 3147 ita
1314 3105 1362 3148 et
1411 3095 1629 3147 donum.
1667 3092 1903 3164 (Ambr.)

1991 1898 2222 1968 propria:
2253 1898 2549 1955 voluntatis
2582 1900 2870 1956 adduntur.
2913 1902 2969 1956 Si
3004 1903 3148 1957 enim
3173 1905 3242 1959 oh
3276 1905 3436 1960 unius
3469 1905 3564 1962 de-

1992 1995 2179 2050 lictum
2222 2010 2368 2050 mors
2416 1997 2660 2064 regnavit
2688 2011 2785 2066 per
2818 2013 3004 2063 unum,
3047 1998 3216 2053 multo
3248 2001 3420 2071 magis
3441 2000 3567 2069 quia

1994 2087 2381 2142 abundantiam
2409 2088 2596 2156 gratim
2622 2095 2677 2141 et
2694 2087 2921 2156 justitia:
2941 2089 3232 2158 accipiunt,
3261 2091 3317 2145 in
3340 2091 3449 2145 vita
3479 2106 3567 2146 re-

1994 2180 2238 2248 gnabant
2279 2193 2378 2249 per
2405 2194 2574 2233 unum
2617 2179 2798 2233 .lesum
2844 2178 3136 2235 Christum.
3168 2180 3229 2236 Si
3249 2183 3388 2236 enim
3415 2183 3570 2236 unius

1996 2269 2183 2323 delicto
2220 2285 2360 2322 mors
2389 2269 2618 2339 regnavit
2643 2285 2735 2339 per
2763 2270 3129 2338 unum.Aquo
3153 2269 3350 2326 delicto
3363 2271 3576 2339 parvuli

1996 2375 2094 2430 per
2113 2361 2437 2428 baptismum
2462 2359 2766 2429 expiantur,
2794 2359 2960 2414 multo
2984 2360 3153 2430 magis
3177 2360 3269 2429 qui
3297 2360 3578 2415 abundan-

2000 2453 2128 2506 tiam
2154 2452 2343 2520 gratia:
2368 2459 2423 2506 et
2447 2450 2670 2519 justitim
2708 2452 3010 2521 accipiunt,
3046 2452 3100 2506 in
3125 2451 3237 2506 vita
3277 2452 3580 2522 regnabunt

1998 2558 2096 2612 per
2117 2557 2280 2597 unum
2305 2541 2489 2596 Jesum
2517 2541 2791 2598 Christum
2824 2543 3030 2598 :multo
3078 2543 3250 2616 magis
3301 2544 3488 2614 utique
3523 2545 3579 2600 in

1999 2634 2110 2686 vita
2170 2634 2489 2704 regnabant,
2535 2635 2662 2704 quia
2711 2642 2932 2690 aeterna:
2996 2635 3122 2689 vita:
3179 2651 3404 2705 regnum
3452 2636 3578 2702 erit,

2003 2740 2147 2779 mors
2206 2734 2386 2778 autem
2441 2726 2495 2779 in
2543 2726 2623 2780 eis
2675 2726 3040 2796 temporaliter
3106 2728 3317 2794 transit,
3361 2741 3468 2782 non
3527 2729 3584 2782 in

2001 2825 2261 2870 aeternum
2295 2816 2566 2874 transibit.
2613 2816 2779 2870 Multo
2831 2819 2996 2887 magis
3040 2817 3418 2873 abundantiam
3462 2833 3583 2889 gra-

2003 2909 2111 2973 tim,
2135 2916 2183 2960 et
2213 2907 2535 2971 donationis,
2558 2916 2606 2961 et
2625 2907 2854 2976 justitia:
2899 2909 3240 2978 accipientes,
3288 2910 3342 2962 in
3370 2911 3474 2964 vita
3507 2925 3587 2962 re-

2003 2999 2233 3070 gnabant
2257 3015 2350 3070 per
2371 3015 2533 3053 unum
2557 2997 2741 3053 Iesum
2763 2997 3048 3053 Christum.
3067 3000 3302 3071 (Ambr.)
3317 2999 3588 3056 Contuen-

2007 3089 2130 3144 dum
2179 3098 2262 3142 est
2305 3104 2468 3142 unum
2501 3103 2621 3144 esse
2664 3103 2915 3154 sensum,
2954 3099 3009 3144 ct
3056 3091 3109 3144 in
3149 3090 3294 3146 nullo
3328 3089 3586 3146 dill’erre:

307 3183 544 3250 Propter
583 3184 726 3251 quod
762 3183 907 3238 enim
935 3183 1162 3239 formam
1188 3199 1309 3239 esse
1337 3185 1474 3239 dixit
1501 3184 1661 3238 unius
1698 3181 1903 3237 Christi
1930 3167 1977 3230 C
2011 3188 2238 3234 mortem
2267 3180 2411 3234 enim
2447 3180 2579 3234 dicit
2615 3195 2889 3251 regnasse,
2927 3197 3031 3235 non
3063 3196 3320 3250 regnare;
3352 3182 3476 3250 quia
3500 3181 3591 3250 qui

309 3290 483 3328 unum
503 3273 704 3340 Adam;
729 3291 796 3330 ne
818 3284 873 3329 et
894 3291 1111 3330 causam
1131 3275 1256 3330 Ada:
1276 3277 1435 3331 talem
1459 3276 1792 3347 signiﬁcasse
1814 3291 1912 3345 pu-

314 3372 546 3427 taretur,
563 3365 737 3432 qualis
755 3372 808 3418 et
822 3365 1019 3420 Christi
1045 3373 1148 3427 est,
1165 3365 1284 3420 ideo
1307 3366 1383 3419 ait
1402 3384 1414 3418 :
1433 3365 1535 3420 Sed
1554 3383 1654 3418 non
1671 3366 1804 3417 sicut
1825 3364 1915 3417 de-

314 3455 520 3517 lictum,
555 3456 626 3506 ita
653 3463 700 3507 et
731 3455 957 3520 donum,
987 3455 1110 3524 quia
1137 3457 1190 3510 in
1226 3473 1292 3512 eo
1313 3465 1518 3510 tantum
1545 3455 1716 3509 forma
1742 3457 1914 3510 Adam

315 3548 525 3604 Christi
549 3556 658 3612 est,
683 3548 808 3617 quia
827 3550 966 3617 quod
989 3564 1127 3602 unus
1146 3550 1408 3618 peccavit,
1429 3565 1566 3602 unus
1587 3547 1912 3602 emendavit.

306 3645 312 3652 '
395 3637 454 3692 Si
507 3639 644 3692 enim
689 3640 846 3693 unius
892 3639 1077 3692 delicto
1114 3639 1266 3692 multi
1311 3640 1502 3692 mortui
1537 3649 1693 3704 sunt,
1752 3638 1916 3692 multo

321 3727 492 3796 magis
517 3727 690 3796 gratia
719 3726 838 3792 Dei,
885 3736 933 3780 et
971 3727 1168 3780 donum
1209 3729 1263 3781 in
1302 3729 1474 3798 gratia
1508 3728 1664 3780 unius
1695 3727 1917 3782 hominis

322 3821 455 3874 Iesu
479 3819 673 3873 Christi
703 3821 758 3872 in
799 3818 972 3889 plures
996 3819 1299 3874 abundavit.
1329 3820 1440 3874 Hoc
1476 3829 1580 3884 est,
1637 3820 1683 3874 si
1725 3820 1920 3876 delicto

323 3911 490 3964 unius
519 3910 672 3964 multi
705 3910 904 3964 mortui
925 3921 1084 3975 sunt,
1117 3911 1392 3965 imitantes
1419 3911 1920 3981 prmvaricationem

327 4003 480 4072 ejus;
513 4003 683 4072 magis
713 4003 882 4072 gratia
927 4003 1018 4056 Dei
1047 4011 1104 4058 et
1141 4005 1338 4058 donum
1376 4005 1428 4058 in
1457 4005 1637 4074 plures
1676 4006 1918 4060 abunda-

326 4095 442 4157 vit,
483 4102 542 4148 ut
584 4093 956 4164 confugientes
1001 4094 1066 4148 ad
1122 4111 1200 4167 se.
1247 4095 1434 4150 Plures
1483 4097 1626 4150 enim
1689 4095 1920 4166 gratiam

329 4193 740 4255 consequuntur
767 4202 929 4256 quam
961 4188 1161 4242 mortui
1194 4197 1320 4243 sunt
1359 4190 1556 4244 delicto
1586 4188 1736 4243 Adm.
1770 4186 1922 4244 Unde

328 4276 678 4332 manifestum
715 4285 800 4332 est
849 4293 956 4332 non
1011 4281 1076 4333 de
1124 4281 1227 4335 hac
1261 4288 1455 4345 morte,
1500 4294 1620 4348 qua:
1669 4278 1920 4335 omnibus

329 4369 637 4424 comnmnis
661 4378 767 4435 est,
791 4370 1154 4440 signiﬁcasse;
1193 4373 1320 4440 quia
1349 4387 1538 4427 omnes
1554 4373 1775 4427 omnino
1809 4387 1924 4427 mo-

330 4459 568 4522 riuntur,
593 4467 648 4513 et
665 4475 773 4514 non
801 4468 979 4514 tamen
1001 4475 1190 4516 omnes
1221 4463 1446 4531 gratiam
1475 4471 1882 4531 consequuntur
1904 4479 1919 4519 :

333 4562 510 4616 neque
539 4554 769 4602 mortem
795 4548 848 4600 in
868 4563 1057 4603 omnes
1079 4565 1353 4620 regnasse,
1381 4552 1474 4606 sed
1495 4552 1548 4604 in
1565 4566 1671 4608 eos
1699 4551 1790 4618 qui
1827 4551 1924 4605 de-
1948 4517 2002 4576 Β

333 4639 462 4693 licto
510 4636 640 4691 Δάαι
672 4638 873 4692 mortui
910 4648 1056 4702 sunt,
1081 4639 1436 4709 signiﬁcatur,
1469 4655 1605 4709 quos
1646 4641 1699 4694 in
1739 4639 1928 4694 simili-

336 4727 580 4782 tudinem
611 4727 1072 4797 przevaricationis
1096 4730 1226 4784 Adae
1260 4731 1391 4785 dicit
1414 4745 1689 4800 peccasse.
1716 4729 1779 4784 lli
1802 4740 1930 4786 sunt

338 4834 475 4890 quos
488 4817 618 4872 dicit
639 4819 694 4872 in
707 4818 871 4873 unius
892 4819 1088 4874 delicto
1103 4820 1298 4875 multos
1313 4829 1576 4885 mortuos,
1590 4821 1819 4890 gratiam
1833 4836 1929 4875 au-

340 4921 449 4966 tem
475 4909 571 4963 Dei
602 4909 655 4963 in
679 4907 861 4980 plures
883 4910 1188 4975 abundare;
1215 4911 1338 4980 quia
1358 4919 1413 4966 et
1437 4913 1492 4966 in
1510 4912 1595 4967 his
1625 4913 1716 4981 qui
1738 4913 1932 4967 delicto

302 4993 315 5002 ’
338 5001 470 5056 Adae
490 4999 688 5054 mortui
714 4999 984 5066 dicuntur,
1008 5000 1254 5056 similiter
1276 5011 1581 5072 peccantes,
1609 5004 1828 5058 etinhis
1839 5004 1932 5073 qui

341 5109 451 5151 non
482 5102 848 5162 peccaverunt
875 5094 929 5149 in
961 5094 1063 5148 hac
1088 5094 1219 5148 Adae
1253 5095 1714 5165 praevaricationis
1741 5096 1932 5150 simili-

346 5186 532 5240 tudine
567 5185 664 5241 Dei
685 5188 857 5258 gratia
879 5187 1176 5243 abundavit
1199 5205 1214 5242 :
1237 5197 1461 5258 paterno
1489 5197 1669 5243 autem
1709 5198 1930 5259 peccato

349 5290 418 5331 ex
435 5277 532 5331 Dei
547 5279 813 5333 sententia
835 5288 990 5333 erant
1013 5278 1155 5348 apud
1187 5277 1412 5343 inferos,
1430 5278 1603 5347 gratia
1634 5278 1726 5330 Dei
1762 5279 1931 5332 abun-

351 5367 498 5421 davit
533 5367 590 5422 in
615 5369 877 5424 descensu
923 5369 1260 5436 Salvatoris,
1297 5369 1551 5426 omnibus
1596 5371 1730 5424 dans
1756 5368 1930 5424 indul-

355 5455 747 5525 gentiam,cum
780 5461 1050 5530 triumpho
1075 5460 1302 5516 sublatis
1326 5461 1406 5514 eis
1435 5461 1488 5514 in
1517 5460 1734 5514 coelum.

427 5544 492 5601 Et
526 5562 630 5600 non
671 5549 803 5601 sicut
844 5566 934 5618 per
968 5568 1128 5606 unum
1153 5562 1443 5623 peccatum,
1483 5551 1557 5605 ita
1607 5561 1654 5606 et
1690 5551 1885 5606 donum
1910 5567 1932 5607 :

362 5652 481 5688 nam
520 5636 780 5704 judicium
815 5640 1023 5715 quidem
1061 5659 1126 5696 ex
1171 5661 1274 5698 uno
1319 5645 1378 5698 in
1428 5645 1929 5710 condemnationem,

363 5727 554 5781 donum
593 5739 767 5784 autem
808 5746 872 5784 ea:
916 5731 1093 5784 multis
1141 5735 1345 5790 delictis
1391 5737 1445 5790 in
1481 5735 1927 5805 justi/irationem.

798 5821 1076 5883 ΡΑΤιιοι.
1113 5822 1277 5884 CXI.

2015 3280 2396 3337 intellexerunt
2425 3297 2522 3350 per
2547 3281 2718 3350 legem
2742 3280 3003 3350 judicium
3059 3281 3174 3346 Dei,
3229 3280 3422 3335 sublati
3470 3288 3594 3334 sunt

2015 3375 2081 3428 de
2110 3372 2224 3441 ejus
2252 3374 2495 3445 imperio.
2525 3373 2790 3444 Regnavit
2825 3382 3024 3436 autem,
3064 3372 3188 3440 quia
3219 3371 3334 3426 sine
3371 3370 3596 3424 manife-

2018 3464 2250 3518 statione
2285 3464 2418 3532 legis
2447 3465 2608 3517 timor
2636 3462 2728 3515 Dei
2757 3477 2864 3516 non
2905 3470 3022 3516 erat
3048 3461 3100 3514 in
3128 3461 3306 3515 terris.
3341 3459 3596 3528 Superior

2017 3569 2146 3624 ergo
2175 3569 2366 3608 sensus
2393 3562 2478 3607 est
2504 3561 2583 3616 ut,
2611 3553 2736 3621 quia
2764 3569 2914 3608 mors
2940 3553 3184 3620 regnavit
3213 3553 3280 3606 ab
3305 3551 3476 3604 Adam
3510 3567 3597 3604 us.

2019 3661 2125 3715 que
2147 3646 2216 3700 ad
2243 3644 2457 3714 Moysen
2489 3645 2543 3698 in
2565 3660 2658 3699 eos
2683 3645 2772 3713 qui
2816 3653 3176 3714 peccaverunt
3206 3645 3259 3698 in
3285 3644 3588 3698 similitudi-

2021 3752 2146 3791 nem
2198 3736 2660 3806 przevaricationis
2707 3735 2856 3801 Adze,
2907 3736 3080 3791 multo
3111 3737 3281 3806 magis
3305 3737 3478 3805 gratia
3509 3752 3598 3792 re-

2022 3835 2150 3897 gnet
2174 3826 2500 3880 abundantia
2523 3825 2648 3880 doni
2686 3825 2780 3906 Ι)ᾳί
2808 3826 2862 3879 in
2895 3826 3057 3878 vitam
3089 3841 3186 3896 per
3220 3841 3384 3879 unum
3413 3825 3594 3880 Jesum

2023 3917 2318 3972 Christum.
2355 3915 2413 3970 Si
2442 3915 2584 3970 enim
2622 3930 2768 3972 mors
2793 3916 3057 3986 regnavit,
3085 3931 3252 3985 quare
3296 3933 3399 3971 non
3430 3919 3602 3986 magis

2024 4007 2197 4077 gratia
2245 4013 2454 4076 regnet,
2477 4021 2596 4074 quae
2640 4007 2807 4060 multo
2841 4007 3020 4076 plures
3040 4006 3322 4075 justilicat,
3353 4024 3514 4078 quam
3543 4009 3598 4064 hi

2026 4108 2150 4152 sunt
2177 4099 2229 4151 in
2257 4111 2392 4166 quos
2414 4098 2657 4167 regnavit
2686 4112 2831 4151 mors
2857 4116 2870 4151 :
2896 4109 3098 4167 quanto
3121 4101 3291 4169 magis
3317 4103 3488 4172 gratia
3522 4117 3605 4158 re-

2027 4206 2190 4260 gnare
2207 4191 2472 4245 credenda
2501 4199 2604 4256 est,
2622 4205 2742 4259 qua:
2766 4189 2974 4245 confert
2991 4191 3157 4245 vitam
3179 4206 3274 4261 per
3293 4193 3598 4250 Christum!

2095 4282 2270 4353 Igitur
2311 4283 2445 4336 sicut
2473 4299 2566 4353 per
2602 4283 2758 4336 unius
2789 4281 3036 4337 delictum
3067 4283 3122 4337 in
3151 4300 3327 4338 omnes
3366 4285 3602 4338 homines

2025 4374 2082 4426 in
2106 4373 2586 4427 condemnationem
2604 4413 2620 4438 ,
2649 4375 2725 4427 sic
2749 4384 2798 4428 et
2821 4391 2914 4445 per
2939 4377 3094 4428 unius
3117 4375 3382 4444 justitiam
3415 4376 3469 4428 in
3495 4391 3603 4428 om-

2028 4483 2116 4520 nes
2150 4467 2382 4520 homines
2429 4467 2483 4520 in
2520 4466 2956 4536 justiﬁcationem
2998 4468 3132 4522 vitaz.
3178 4468 3291 4523 Hoc
3336 4476 3438 4533 est,
3466 4468 3607 4522 sicut

2027 4569 2126 4624 per
2155 4555 2313 4608 unius
2337 4554 2591 4608 delictum
2625 4570 2812 4610 omnes
2845 4555 3348 4611 condemnationem
3390 4571 3604 4610 merue-

2029 4651 2154 4696 runt
2197 4642 2444 4696 similiter
2509 4652 2829 4712 peccantes,
2873 4644 2948 4696 ita
2998 4653 3054 4697 et
3098 4645 3153 4697 in
3192 4644 3401 4713 justitia
3446 4643 3607 4698 unius

2028 4747 2217 4786 omnes
2243 4731 2680 4800 justiﬁcabuntur
2707 4734 3006 4788 credentes.
3059 4734 3115 4788 Si
3141 4735 3234 4804 qui
3271 4743 3452 4790 autem
3478 4750 3608 4802 con-

2029 4822 2427 4878 demnationem
2473 4823 2612 4877 hanc
2661 4823 2968 4891 generalem
3011 4837 3132 4878 esse
3176 4832 3395 4892 putant,
3443 4825 3607 4882 simili

2033 4919 2192 4974 modo
2237 4926 2292 4972 et
2325 4916 2768 4984 justiﬁcationem
2814 4918 3118 4987 generalem
3168 4917 3451 4988 accipient.
3502 4918 3610 4976 Sed

2036 5025 2142 5065 non
2171 5017 2255 5064 est
2285 5023 2492 5072 verum,
2519 5008 2646 5077 quia
2669 5023 2774 5062 non
2798 5023 2988 5064 omnes
3015 5007 3260 5064 credunt.
3295 5008 3476 5082 (Δις.)
3506 5009 3612 5065 Ita-

2033 5113 2139 5168 que
2181 5097 2321 5152 sicut
2364 5113 2461 5167 per
2488 5096 2645 5151 unius
2679 5095 2932 5152 delictum
2960 5097 3014 5151 in
3041 5111 3230 5152 omnes
3255 5096 3500 5152 homines
3543 5099 3609 5154 ad

2035 5188 2537 5244 condemnationem
2556 5225 2570 5251 ,
2599 5188 2675 5240 ita
2706 5197 2762 5242 et
2786 5202 2882 5256 per
2909 5187 3068 5242 unius
3088 5185 3528 5256 iustiﬁcationem
3553 5189 3610 5248 in

2034 5301 2222 5340 omnes
2261 5284 2509 5339 homines
2535 5283 2601 5337 ad
2621 5281 3062 5349 justiﬁcationem
3105 5282 3228 5336 vita:
3271 5283 3447 5337 adhuc
3486 5298 3610 5352 per-

2037 5383 2294 5430 maneant
2337 5375 2391 5428 in
2437 5373 2677 5432 vanitate
2726 5373 2923 5427 mentis
2963 5387 3094 5436 suae,
3141 5381 3197 5426 et
3229 5372 3412 5428 dicant
3448 5384 3612 5426 unum

2038 5465 2312 5520 hominem
2356 5478 2465 5518 non
2493 5461 2842 5533 pmpaginem
2867 5459 3164 5529 trajecisse,
3189 5461 3285 5516 sed
3309 5461 3613 5530 exemplum

2038 5555 2333 5623 praebuisse
2357 5553 2588 5624 peccati.
2612 5552 2892 5621 Quomodo
2915 5565 3044 5624 ergo
3061 5567 3158 5623 per
3179 5553 3336 5610 unius
3363 5552 3614 5607 delictum

2040 5646 2094 5700 in
2115 5659 2303 5699 omnes
2321 5643 2566 5700 hormines
2587 5641 2656 5698 ad
2676 5643 3200 5706 condemnationem,
3225 5651 3281 5698 et
3307 5656 3411 5696 non
3439 5641 3615 5709 potius

2039 5751 2136 5806 per
2169 5735 2335 5790 multa
2361 5749 2458 5791 sua
2486 5733 2706 5800 delicta,
2734 5734 2836 5790 nisi
2877 5735 3006 5804 quia
3041 5731 3256 5801 etiamsi
3285 5730 3411 5788 illud
3451 5747 3617 5792 unum

3064 5823 3184 5892 ,ιώ
