4056 6336
431 300 571 358 1587

1065 295 1134 354 Β.
1169 293 1430 378 uanam
1461 293 1689 354 meum
1721 291 2033 349 ARCHIEP.

2135 293 2390 353 OGUNT.
2429 290 2720 353 OPERUH
2753 288 2938 352 PARS
2970 287 3058 349 III.

3596 293 3788 350 1588

433 417 532 482 sit,
559 419 740 471 tamen
781 411 1030 469 idoneum
1058 420 1144 468 est
1166 412 1461 483 perducere
1501 411 1566 465 ad
1611 405 2018 466 condemnatio-
2047 409 2098 472 Α
2125 407 2519 478 quodammodo
2567 405 2770 464 inserta
2821 412 2948 461 sunt
2990 401 3218 476 iustitiae
3259 405 3496 475 semina,
3535 407 3792 478 addita

435 521 581 572 nem,
623 506 784 561 etiam
811 502 973 560 nullis
995 503 1190 559 additis
1212 502 1439 568 caeteris,
1462 503 1600 558 sicut
1626 502 1875 572 perducit
1897 516 2030 572 par—
2128 499 2213 554 lex
2239 506 2342 563 est,
2375 499 2528 569 cujus
2558 499 2879 554 auctoritate
2901 505 2956 552 et
2977 495 3288 568 magisterio
3314 498 3630 572 ingenium
3667 515 3794 556 na—

431 598 584 652 vulos
608 596 922 660 morientes,
940 609 1029 665 qui
1051 609 1116 650 ex
1143 594 1315 649 Adam
1339 597 1638 649 nascuntur
1659 595 1704 650 si
1727 591 1782 648 in
1804 591 2022 650 Christo

434 703 538 742 non
586 689 960 742 renascantur.
1003 683 1062 741 In
1100 700 1167 741 eo
1193 699 1320 741 vero
1351 686 1494 756 quod
1535 683 1891 741 tibi'videtnr
1919 685 2025 741 duo

433 787 535 833 ista
565 778 705 832 inter
741 791 798 832 se
835 791 958 832 esse
987 776 1276 839 contraria,
1314 771 1376 830 ut
1407 788 1596 832 omnes
1631 783 1760 832 eant
1799 777 1852 831 in
1896 790 2026 831 con-

435 870 836 926 demnationem
863 885 960 940 per
983 868 1176 934 Adam,
1201 879 1257 924 et
1284 881 1471 924 omnes
1501 869 1554 923 in
1577 865 2023 940 justiﬁealionem

431 977 528 1033 per
560 960 858 1026 Christum,
889 957 1109 1015 omnino
1138 973 1292 1015 erras
1317 979 1329 1013 :
1357 955 1532 1016 nullus
1571 961 1714 1016 enim
1745 959 2023 1014 hominum

434 1053 535 1107 nisi
556 1065 654 1121 per
666 1049 838 1106 Adam
858 1051 1092 1106 trahitur
1107 1051 1173 1104 ad
1188 1049 1611 1114 damnationem,
1631 1049 1698 1104 de
1719 1065 1823 1131 qua
1844 1065 1940 1119 per
1955 1048 2025 1103 la-

434 1155 651 1195 vacrum
680 1139 1108 1210 regenerationis
1134 1139 1381 1196 homines
1401 1139 1716 1195 liberantur.
1745 1137 1812 1194 Et
1841 1139 2024 1194 nullus

433 1230 712 1285 hominum
729 1229 830 1285 nisi
852 1243 949 1301 per
969 1229 1242 1286 Christum
1265 1231 1332 1284 ab
1348 1231 1448 1285 hac
1460 1212 1802 1285 damnatione
1826 1216 2024 1285 libera-

435 1331 540 1375 tur.
569 1320 799 1391 ideoque
828 1335 894 1376 ex
921 1329 1147 1392 utraque
1178 1330 1331 1392 parte
1361 1321 1492 1376 dicti
1519 1315 1644 1376 sunt
1669 1323 1878 1385 Omnes,
1894 1321 2023 1392 quia

432 1427 589 1466 nemo
617 1411 683 1466 ad
714 1411 1115 1466 damnationem
1157 1401 1522 1482 generationis
1562 1409 1664 1466 nisi
1704 1425 1800 1479 per
1835 1409 2018 1474 iz'stuin,

431 1516 590 1558 nemo
614 1504 681 1559 ad
712 1503 876 1557 vitam
901 1504 1350 1574 regenerationis,
1375 1503 1476 1558 nisi
1503 1517 1601 1573 per
1632 1489 1804 1567 illum,
1835 1494 1900 1556 a’c
1926 1517 2023 1571 per

435 1595 537 1649 hoc
569 1609 675 1648 non
721 1593 1046 1663 generalitas
1072 1594 1230 1650 unius
1265 1595 1436 1664 partis
1463 1589 1638 1650 locum
1669 1582 1908 1648 excludii
1939 1594 2022 1648 al-

432 1687 622 1748 terius,
654 1685 780 1756 quia
811 1699 874 1740 ex
906 1685 992 1740 his
1035 1685 1165 1756 ipsis
1185 1726 1199 1750 ,
1230 1685 1319 1754 qui
1351 1676 1676 1755 generalitei'
1717 1681 2022 1739 moriuntur

2127 591 2300 646 turale
2319 589 2607 660 proliceret
2631 590 2698 644 ad
2723 589 2959 646 fructum
2973 587 3199 662 iustitia:
3219 588 3535 651 iaciendum
3551 611 3582 649 ι
3604 593 3799 648 sicut

2126 681 2273 736 enim
2311 683 2566 737 nativitas
2595 679 2780 736 interit
2811 681 2916 736 nisi
2967 682 3300 738 nutrimenta
3344 683 3585 750 nabeat,
3619 684 3797 754 qui».

2125 773 2226 828 bus
2254 771 2364 828 l'ota
2392 771 2688 836 adolescat,
2719 773 2791 828 ita
2813 781 2868 826 et
2897 771 3142 840 naturale
3163 773 3386 845 justitize
3413 775 3788 846 ingenim,

2125 863 2229 920 nisi
2259 863 2458 920 habeat
2491 863 2635 934 quod
2668 863 2922 934 respiciat
2971 871 3026 920 et
3063 874 3374 932 veneretur,
3417 881 3542 938 non
3569 867 3794 929 facile

2126 954 2360 1025 proﬁcit,
2386 949 2480 1008 scd
2512 961 2754 1026 aegrotat,
2783 963 2838 1008 et
2867 949 3373 1023 supervenientibus
3400 954 3558 1011 cedit
3605 971 3780 1026 peo-

2127 1046 2262 1102 catis
2289 1063 2302 1097 :
2329 1045 2713 1100 consuetudine
2752 1047 2897 1099 enim
2937 1042 3285 1116 delinquendi
3332 1048 3658 1118 premitur,
3693 1062 3794 1107 ne.

2127 1145 2338 1194 crescat
2359 1135 2411 1193 in
2433 1136 2685 1202 fructum,
2702 1143 2756 1190 et
2779 1151 2878 1206 per
2899 1135 3001 1191 hoc
3021 1130 3403 1208 exstinguitur.
3422 1136 3787 1204 Provideus

2128 1239 2211 1286 ter
2246 1245 2373 1301 ergo
2413 1227 2536 1283 data
2575 1237 2658 1284 est
2689 1228 2807 1295 lex,
2837 1229 2980 1284 Sicut
3018 1235 3250 1282 testatur
3287 1230 3563 1302 propheta
3591 1247 3610 1283 :
3651 1231 3786 1288 sed

2126 1321 2354 1395 pOpulus
2380 1329 2618 1377 veterem
2646 1312 3091 1396 consuetudinem
3129 1310 3362 1392 sequens
3384 1321 3775 1394 multiplica...

2126 1413 2201 1470 vit
2226 1422 2470 1485 peccata.
2506 1408 2626 1485 ipso
2655 1413 2798 1468 enim
2827 1427 2926 1469 usu
2956 1411 3078 1482 plus
3105 1411 3532 1490 cmpitpeccare
3562 1427 3772 1482 quam

2129 1517 2292 1562 antea
2319 1514 2667 1578 peccaverat;
2698 1514 2754 1559 et
2776 1505 2855 1560 sic
2879 1504 3084 1562 factum
3107 1513 3216 1571 est,
3232 1512 3294 1560 ut
3316 1504 3440 1560 data
3469 1501 3604 1578 lege
3627 1523 3778 1574 non,

2127 1597 2520 1660 minuerentur,
2534 1596 2628 1650 sed
2647 1595 2984 1650 abundarent
3001 1601 3225 1667 peccata
3241 1609 3256 1646 :
3271 1592 3571 1664 Apostolus
3586 1594 3778 1668 euitat

2126 1685 2362 1742 ostendit
2375 1686 2500 1756 quid
2524 1686 2834 1756 provenerit
2847 1687 2971 1741 data
2992 1685 3130 1756 lege,
3147 1696 3253 1740 non
3267 1683 3393 1755 quid
3407 1685 3496 1740 lex
3509 1685 3764 1744 fecerit.

434 1777 492 1830 in
517 1775 711 1839 Adam,
737 1789 873 1844 quos
902 1774 1016 1828 vult
1040 1773 1276 1829 viviticat
1309 1773 1579 1841 Christus,
1612 1775 1703 1846 qui
1733 1775 2018 1846 propterea
2047 1765 2096 1827 B
2125 1775 2403 1846 Quomodo
2432 1783 2613 1831 autem
2656 1775 2792 1847 legis
2821 1776 2953 1830 vitio
2999 1775 3316 1848 crescebant
3333 1784 3593 1844 peccata,
3616 1792 3770 1848 quae

431 1879 621 1922 omnes
663 1865 898 1921 liberare
927 1865 1103 1921 dictus
1131 1874 1214 1921 est
1243 1866 1407 1920 etiam
1456 1865 1568 1937 ipse
1589 1909 1601 1933 ,
1627 1868 1880 1938 quoniam
1910 1883 2021 1924 non

430 1955 630 2013 liberat
653 1965 793 2028 quae,
821 1958 1064 2028 inquam,
1094 1955 1196 2014 nisi
1232 1952 1366 2029 ipse,
1399 1959 1539 2015 sicut
1569 1957 1745 2016 dictu's
1775 1969 1858 2016 est
1905 1961 2024 2017 illu-

436 2047 642 2102 minare
691 2047 906 2103 omnem
955 2047 1254 2115 hominem,
1299 2051 1424 2119 quia
1485 2058 1644 2108 nemo
1694 2051 2022 2123 quemquam

321 2219 326 2225 ο
432 2130 700 2194 illuminat
727 2141 772 2194 si
812 2141 922 2196 bon
968 2140 1099 2212 ipse.
1140 2129 1288 2196 Sicut
1331 2141 1468 2196 enim
1497 2157 1589 2213 per
1618 2135 2023 2198 iuobedientiam

432 2231 588 2284 unius
629 2229 854 2285 summa
895 2232 1190 2304 peccut'tires
1231 2232 1503 2287 constituti
1531 2236 1652 2286 sunt
1695 2233 1897 2302 plures,
1950 2235 2024 2288 ita

430 2329 479 2376 et
515 2334 609 2391 per
649 2323 810 2375 utrius
855 2319 1199 2376 obedientiam
1237 2323 1374 2393 justi
1421 2323 1804 2376 constituentur
1849 2323 2021 2377 inulti.

433 2412 838 2486 (Amb'rJ'Quos
861 2413 1023 2484 Supra
1051 2427 1239 2469 omnes
1260 2414 1414 2479 dixit,
1435 2413 1520 2470 hic
1543 2415 1724 2485 plures
1747 2415 1802 2468 et
1826 2413 2026 2469 multos

431 2495 735 2577 significat;
759 2489 942 2578 plut-es
961 2508 1103 2562 enim
1126 2505 1253 2563 Adae
1273 2509 1525 2564 delictum
1551 2507 1721 2564 secuti
1742 2513 1869 2564 sunt
1891 2525 2026 2578 prte-

431 2597 742 2663 vhricando,
771 2599 876 2652 non
911 2611 1131 2662 omnes;
1177 2607 1232 2653 et
1273 2595 1426 2654 multi
1454 2595 1588 2668 justi
1627 2600 2028 2654 constituentur

431 2701 529 2760 per
544 2685 940 2754 EdemChristi,
961 2700 1068 2744 non
1089 2703 1296 2746 omnes.
1317 2689 1432 2746 Non
1454 2701 1582 2762 ergo
1605 2692 1657 2746 in
1673 2706 1766 2746 eos
1784 2683 2029 2762 regnavit

430 2787 604 2847 mors,
630 2781 722 2852 qui
745 2780 854 2836 mn
876 2781 1242 2850 peccaverunt
1259 2781 1313 2836 in
1345 2771 1750 2837 similitudinem
1773 2784 2029 2853 przevari-

433 2872 667 2928 cationls
680 2871 830 2927 Adae.
856 2871 1040 2944 (Aug.)
1059 2871 1188 2929 Vide
1210 2873 1662 2944 quemadmodum
1687 2871 2030 2930 commendat

433 2979 598 3017 umnn
620 2970 881 3031 et-unum,
899 2963 952 3019 id
974 2971 1056 3019 est
1075 2965 1245 3020 Adam
1263 2973 1317 3019 et
1332 2964 1630 3030 Christum,
1649 2963 1794 3020 illum
1819 2961 1885 3019 ad
1901 2982 2030 3022 con-
2065 2947 2069 2952 ’

433 3055 1017 3120 demnationem,hune
1043 3057 1109 3110 ad
1124 3051 1568 3127 justifieationem
1592 3073 1713 3112 cum
1738 3052 1886 3112 tanto
1908 3069 2030 3129 post

2125 1867 2576 1932 comminabatur,
2607 1883 2674 1922 ne
2717 1876 2992 1937 peccetur,
3020 1867 3112 1922 sed
3143 1847 3478 1928 subintrasse
3501 1847 3760 1934 dicitur,

2125 1969 2185 2016 ut
2212 1958 2510 2015 abundaret
2531 1955 2852 2029 peccatum?
2883 1953 3082 2032 Verum
3105 1965 3204 2024 est,
3241 1958 3366 2032 quia
3407 1957 3572 2028 quasi
3599 1974 3751 2030 pra-

2125 2039 2308 2106 i'utura
2329 2047 2570 2114 intravit,
2587 2049 2642 2104 'et
2657 2031 3100 2103 cunihumiliiate
3117 2066 3130 2102 :
3145 2055 3336 2120 postea
3357 2055 3538 2104 autem
3561 2048 3756 2119 ompit

2125 2141 2395 2220 dominari
2423 2139 2502 2197 eis
2529 2141 2722 2214 quibus
2748 2130 3081 2212 praeceperat
3106 2155 3174 2196 ne
3197 2147 3510 2212 peccarent,
3526 2147 3590 2196 et
3607 2154 3750 2209 peo-

2125 2233 2340 2289 cabant.
2355 2217 2652 2288 Ustenderc
2672 2230 2815 2286 enim
2844 2233 3008 2301 etrapit
3027 2229 3114 2287 lex
3137 2229 3522 2286 abundantiam
3533 2243 3745 2299 pecca-

2127 2337 2326 2392 torum,
2356 2340 2477 2381 cum
2501 2340 2621 2396 quae
2652 2324 3008 2380 interdixerat
3031 2323 3149 2396 plus
3176 2323 3380 2382 ﬁebant
3399 2339 3566 2394 quam
3591 2321 3750 2380 facta

2128 2428 2304 2475 erant;
2334 2417 2500 2490 igitur
2521 2401 2634 2473 hoc
2672 2414 2853 2483 modo,
2885 2425 2945 2470 ut
2971 2415 3272 2470 abundaret
3299 2405 3579 2484 delictum,
3607 2417 3746 2475 data,

2129 2504 2216 2564 lex
2231 2517 2314 2564 est
2331 2527 2342 2561 :
2361 2501 2746 2563 commendans
2761 2509 2904 2562 enim
2919 2505 3211 2578 ApoStolus
3237 2505 3421 2576 (idem,
3435 2522 3538 2583 per
3561 2523 3740 2578 quam

2125 2589 2316 2670 utique
2333 2597 2554 2670 peccata
2569 2595 2834 2665 delentur,
2850 2597 3022 2668 legem
3039 2591 3175 2652 dixit
3190 2597 3408 2664 fecisse,
3419 2606 3478 2654 ut
3492 2599 3742 2672 abunda—

2129 2695 2251 2749 r'ent
2264 2701 2505 2764 peccata,
2519 2693 2661 2747 sicut
2678 2687 2839 2762 supra
2855 2689 2986 2774 dix'i,
3002 2674 3126 2760 quia
3149 2679 3255 2744 non
3269 2689 3392 2746 data
3403 2697 3508 2753 est,
3525 2698 3587 2744 ut
3600 2689 3742 2748 abo-

2127 2785 2370 2843 lerentur
2383 2791 2625 2855 peccata,
2642 2783 2736 2839 sed
2753 2792 2810 2836 ut
2823 2779 3190 2848 abundarent;
3207 2780 3333 2836 dum
3351 2791 3404 2835 et
3415 2790 3542 2836 ante
3555 2779 3744 2857 legem

2129 2885 2445 2948 peccatores
2467 2875 2722 2940 ostendit,
2743 2883 2798 2929 et
2821 2881 2946 2948 post
2970 2873 3144 2944 legem
3169 2886 3293 2928 reos
3313 2887 3502 2955 omnes
3531 2875 3740 2946 tenuit.

2201 2969 2303 3025 Ubi
2345 2978 2521 3023 autem
2559 2955 2848 3022 abundavit
2877 2975 3181 3038 peccatum,
3207 2963 3656 3047 superabundavit
3688 2973 3740 3018 α

2131 3060 2328 3133 g'ratia.
2365 3049 2708 3144 Manifestum
2753 3065 2859 3125 est,
2889 3057 3016 3128 quia
3046 3071 3171 3117 cum
3203 3045 3504 3144 abundaret
3530 3071 3738 3127 pecca—

433 3145 606 3198 Adam
651 3144 862 3199 venerit
904 3126 1152 3200 Christus
1197 3145 1251 3199 iii
1284 3160 1478 3210 carne,
1509 3153 1571 3200 ut
1598 3146 1836 3200 sciamus
1863 3126 2028 3202 etiam

2135 3126 2272 3218 ium,
2307 3136 2767 3222 superabundavit
2804 3126 2974 3222 gratia
3007 3150 3173 3204 :dum
3201 3126 3404 3206 donum
3451 3126 3548 3206 Dei
3582 3150 3744 3220 venit

434 3235 687 3305 antiquos
724 3236 924 3307 justus,
947 3235 1256 3306 quieunqu'e
1281 3249 1406 3291 esse
1431 3243 1750 3306 potuerunt,
1781 3249 1890 3291 non
1921 3236 2025 3292 nisi

435 3342 534 3397 per
561 3328 807 3381 eamdem
853 3327 1012 3382 tidem
1039 3325 1294 3382 liberatos
1333 3341 1432 3396 per
1463 3333 1628 3398 quam
1655 3326 1951 3382 liberamur
1975 3336 2032 3383 et

438 3436 568 3484 nos;
599 3419 757 3475 iidem
807 3417 1014 3474 scilicet
1059 3417 1452 3475 incarnationis
1495 3417 1722 3486 Christi,
1755 3433 1874 3490 quae
1922 3417 2032 3477 illis

437 3513 923 3582 praenuntiabatur,
953 3512 1097 3568 sicut
1129 3520 1185 3567 et
1227 3512 1383 3568 nobis
1428 3509 1875 3567 annuntiabatur.
1908 3505 2031 3568 ideo

441 3605 528 3659 hic
581 3603 858 3659 Christum
905 3605 1180 3659 hominem
1227 3603 1381 3669 dicit,
1407 3615 1530 3658 cum
1577 3603 1649 3658 sit
1689 3605 1744 3658 'et
1771 3601 1936 3670 Deus,
1964 3605 2033 3660 lie

440 3696 563 3766 quis
579 3695 853 3750 existimet
878 3696 1131 3766 antiquos
1149 3695 1324 3765 juétos
1347 3703 1448 3765 p‘er
1467 3691 1635 3749 Deum
1662 3691 2034 3750 tantummodo

388 3822 394 3829 -
441 3784 734 3850 Christum,
764 3786 817 3840 id
844 3793 926 3842 est
953 3799 1052 3856 per
1087 3785 1311 3840 verbum
1339 3785 1482 3856 quod
1519 3794 1642 3842 erat
1679 3783 1734 3840 in
1768 3779 2036 3856 prihéipib

441 3891 550 3930 non
576 3877 739 3931 etiam
773 3887 870 3946 per
897 3876 1055 3932 iidem
1095 3876 1484 3934 incarnationis
1510 3875 1627 3946 ejus
1659 3891 1765 3948 qua
1795 3887 1849 3932 et
1874 3873 2036 3933 hom’o

443 3965 692 4021 Christus
725 3966 942 4032 dicitur,
970 3955 1210 4038 potuisse
1251 3964 1490 4022 liberari.
1517 3965 1626 4022 Lex
1649 3963 1826 4022 'anrem
1853 3967 2035 4023 subins-

445 4058 620 4122 trauit,
653 4066 709 4111 ut
753 4057 1042 4112 abundaret
1085 4058 1352 4112 delictum.
1387 4058 1555 4126 Quod
1601 4061 1784 4115 autem
1827 4061 1918 4124 ait,
1951 4059 2036 4114 lea:

445 4147 779 4214 subintravit,
807 4157 860 4202 ut
896 4147 1188 4202 abundaret
1230 4146 1500 4213 delictum,
1548 4149 1664 4219 ipso
1712 4146 1878 4206 verbo
1903 4146 2038 4206 Satis

447 4237 772 4306 signiﬁcavit
812 4239 1048 4293 nescisse
1093 4236 1308 4293 Iudaeos
1343 4239 1450 4309 qua
1499 4237 1906 4308 dispensatione
1950 4241 2038 4296 lex

449 4327 576 4382 data
605 4327 694 4380 sit.
725 4325 843 4380 Non
875 4327 1020 4382 enim
1063 4329 1190 4382 data
1227 4337 1312 4382 eat
1348 4329 1470 4398 quae
1511 4337 1697 4398 posset
1739 4327 2036 4398 viviﬁcarb,

448 4417 576 4488 quia
609 4418 784 4488 gratia
825 4417 1062 4472 viviﬁcat
1090 4423 1187 4488 per
1211 4417 1372 4474 Iidem
1397 4433 1412 4474 :
1436 4419 1532 4476 scil
1577 4417 1704 4476 data
1741 4425 1826 4478 'est
1853 4418 1944 4479 lex
1972 4425 2041 4480 au

449 4508 844 4565 ostendendum
864 4510 1080 4580 quantis
1102 4511 1372 4582 quamque
1397 4512 1566 4570 arctis
1591 4514 1818 4570 vinculis
1841 4519 2038 4587 pecca-

451 4607 628 4656 torum
669 4600 952 4656 constricti
993 4597 1328 4670 tenerentur,
1367 4604 1460 4674 qui
1503 4599 1570 4662 de
1597 4605 1710 4662 suis
1739 4603 1945 4663 viribus
1970 4609 2038 4665 ad

450 4692 777 4766 implendam
811 4692 1079 4763 iustitiam
1125 4693 1544 4765 praesumebant.
1605 4698 1696 4755 Sic
1747 4685 2038 4757 abundavit

449 4788 757 4857 peceatum,
777 4785 904 4841 cum
927 4793 985 4842 et
1007 4787 1446 4858 concupiscentia
1471 4805 1538 4846 ex
1563 4788 1928 4862 prohibitione
1953 4808 2040 4847 ar-

453 4879 671 4934 dentior
695 4865 838 4932 meta
861 4879 970 4944 est;
997 4868 1054 4933 et
1084 4876 1433 4949 peccantibus
1472 4890 1662 4937 contra
1699 4879 1871 4954 legem
1901 4896 2038 4955 prae-

453 4961 804 5026 varicationis
823 4967 1034 5024 crimen
1067 4969 1318 5025 accessit.
1353 4967 1510 5038 Quod
1552 4960 1803 5046 intelligit
1832 4976 1923 5046 q‘ui
1951 4989 2037 5030 se-

457 5058 690 5113 cundum
707 5053 935 5128 gelidum
960 5057 1014 5113 lii
1040 5055 1148 5115 illis
1173 5069 1405 5131 quatuor
1429 5061 1686 5133 gradibus
1707 5065 2038 5121 considerat.

459 5147 688 5220 (Amen)
726 5147 910 5206 Potest
935 5146 1040 5206 diei
1065 5147 1288 5205 eccam
1321 5168 1334 5205 :
1368 5149 1474 5208 ndn
1500 5167 1629 5224 ergo
1657 5156 1898 5225 oportuit
1925 5149 2043 5212 dari

459 5238 655 5308 legem,
683 5253 755 5297 ne
773 5247 996 5311 peccata
1026 5241 1432 5300 increscerent:
1461 5245 1508 5300 si
1537 5241 1683 5302 enim
1718 5257 1844 5304 ante
1872 5245 2042 5320 legem

463 5330 645 5388 minus
679 5341 967 5402 peceatum
994 5345 1100 5403 est,
1127 5344 1233 5392 non
1273 5353 1410 5408 opus
1455 5337 1558 5393 mn
1588 5336 1722 5412 lege.
1761 5339 1926 5397 Plane
1952 5357 2045 5400 ne-

461 5425 701 5483 cessaria
728 5424 833 5481 fuit
855 5426 964 5494 lex,
989 5437 1049 5484 ut
1076 5431 1384 5488 ostenderet
1417 5431 1669 5504 imputari
1703 5435 1845 5505 apud
1877 5433 2046 5492 Deum

465 5528 709 5590 peccata,
739 5523 860 5588 Quae
883 5519 1098 5589 impune
1125 5521 1238 5576 ﬁeri
1263 5522 1645 5602 credebantur,
1671 5524 1731 5580 iit
1759 5525 1825 5580 de
1851 5535 2050 5583 canem

465 5612 670 5670 scirent
688 5611 830 5683 quod
857 5609 1060 5666 evitare
1086 5613 1359 5670 deberent.
1395 5609 1547 5673 Unde
1570 5615 1737 5673 Isaias
1758 5617 2046 5690 propheta:

468 5703 596 5770 Lex,
611 5705 804 5778 inquit,
819 5702 1211 5774 inadjutorium
1232 5706 1356 5762 data
1373 5717 1468 5774 est,
1495 5717 1553 5763 ut
1575 5709 1698 5778 quia
1723 5708 1822 5780 ipsi
1845 5720 2051 5766 natura:
2070 5711 2086 5728 ‘

2133 3257 2199 3323 ex
2224 3242 2601 3323 promissione,
2619 3251 2686 3306 et
2707 3243 2948 3318 omnium
2971 3249 3194 3323 peccata
3225 3241 3498 3306 contexit,
3530 3249 3592 3296 ut
3611 3239 3739 3304 diae

2128 3321 2238 3390 boli
2268 3333 2470 3388 invidia
2498 3315 2632 3388 nihil
2659 3349 2716 3389 se
2737 3315 3031 3407 profecisse
3057 3315 3255 3388 doleat.
3279 3333 3418 3400 Quia
3437 3333 3582 3388 enim
3602 3345 3738 3392 cum

2132 3425 2255 3481 data
2279 3435 2422 3481 esset
2446 3423 2528 3481 lex
2565 3425 2633 3480 ad
2656 3411 2943 3479 utilitatem
2979 3424 3291 3487 humanam,
3323 3423 3377 3478 id
3401 3422 3511 3494 egit
3534 3421 3734 3493 diana;-

2129 3512 2239 3586 Ius,
2262 3529 2322 3574 ut
2343 3518 2619 3574 suadendo
2643 3503 2826 3572 illicita
2845 3557 2860 3581 ,
2890 3517 3207 3588 inverteret,
3228 3522 3288 3568 ut
3313 3515 3458 3585 quod
3479 3513 3732 3586 profutu-

2134 3625 2256 3664 rum
2280 3611 2464 3665 datum
2481 3616 2626 3690 erat,
2653 3603 2707 3662 in
2734 3587 3065 3662 contrarium
3085 3587 3396 3690 proﬁceret,
3422 3603 3550 3658 dum
3577 3619 3734 3660 utan-

2136 3689 2261 3756 data
2299 3687 2607 3770 contempta
2636 3705 2786 3763 sunt,
2808 3704 2870 3750 ut
2895 3711 3002 3750 non
3027 3687 3232 3750 utilitas
3255 3709 3322 3748 ex
3355 3693 3498 3765 lege,
3523 3691 3619 3749 sed
3639 3693 3736 3764 in.

2137 3777 2336 3846 dicium
2362 3787 2459 3845 Dei
2473 3789 2539 3844 ad
2559 3781 2850 3843 vindictam
2871 3787 3218 3862 procederet:
3234 3793 3361 3841 tunc
3371 3783 3552 3856 justus
3567 3795 3735 3858 atque

2139 3867 2452 3936 misericors
2478 3878 2644 3946 Deus,
2667 3885 2726 3932 ut
2754 3868 2980 3954 gloriam
3004 3877 3225 3943 diaboli,
3254 3891 3418 3948 quam
3442 3877 3508 3932 de
3537 3876 3728 3932 trium-

2136 3963 2304 4040 phato
2344 3969 2564 4025 homine
2609 3959 2927 4038 quaesierat,
2969 3963 3309 4036 exiuaniret,
3344 3966 3542 4022 Filium
3571 3983 3730 4032 suum

2139 4073 2424 4120 venturum
2447 4061 2706 4126 decrevit,
2727 4062 2818 4132 qui
2835 4053 3020 4117 omnia
3040 4070 3263 4132 peccata
3278 4060 3524 4128 donaret,
3540 4071 3601 4116 ut
3617 4076 3731 4126 ma-

2135 4149 2225 4228 jor
2236 4151 2393 4210 ﬁeret
2412 4143 2597 4210 laetitia
2619 4171 2684 4210 ex
2709 4135 2851 4210 dono
2871 4147 3080 4226 gratiae,
3098 4148 3260 4226 quani
3277 4151 3451 4210 fuerat
3473 4153 3726 4210 luctusex

2139 4257 2386 4322 peccato.
2401 4245 2668 4304 Gaudium
2683 4237 2827 4303 enim
2855 4249 2981 4304 doni
2997 4248 3093 4304 Dei
3114 4248 3278 4304 etiam
3299 4249 3388 4304 bis
3411 4249 3646 4320 proiicit,
3661 4250 3728 4319 de

2143 4334 2342 4424 quibus
2353 4333 2686 4412 triumphare
2706 4357 2812 4396 non
2827 4341 3002 4411 potuit
3024 4339 3284 4405 Satanas;
3320 4341 3522 4418 idcirco
3550 4355 3728 4412 super-

2145 4424 2440 4488 abundavit
2458 4440 2634 4504 graua
2656 4447 2820 4502 super
2837 4441 3118 4502 peccatum
3131 4430 3274 4502 quod
3285 4432 3462 4490 suasit
3479 4430 3719 4488 Satanas.

2220 4521 2288 4577 Ut
2328 4509 2769 4594 queniadmodum
2812 4523 3039 4594 regnavit
3079 4533 3352 4594 peccatum
3389 4522 3445 4576 iu
3491 4529 3721 4584 morte)“,

2143 4606 2216 4669 itu
2251 4623 2300 4670 et
2338 4615 2511 4685 gratia
2539 4623 2716 4685 regnet
2750 4629 2844 4683 per
2863 4612 3132 4684 justitiam
3160 4613 3218 4668 in
3261 4612 3420 4667 vitam
3461 4620 3722 4672 muniam,

2140 4722 2235 4778 per
2280 4695 2464 4760 Iesum
2509 4698 2776 4759 Christum
2818 4703 3104 4759 Dominum
3150 4714 3409 4760 nostrum.
3446 4702 3726 4758 Peccatum

2143 4797 2406 4869 regnavit,
2441 4798 2672 4854 videndo
2701 4812 2837 4868 opus
2857 4813 3013 4854 suum
3038 4796 3390 4872 peccantibus
3417 4798 3474 4854 in
3503 4804 3727 4868 mortem

2140 4887 2427 4976 proﬁcere,
2453 4888 2506 4943 in
2532 4902 2640 4958 qua
2665 4887 3001 4958 gloriabatur
3021 4889 3187 4946 simili
3212 4883 3413 4956 modo,
3440 4897 3506 4944 ut
3527 4895 3588 4944 et
3612 4900 3730 4960 gra-

2147 4975 2220 5034 tia
2267 4988 2456 5051 regnet
2484 4994 2579 5051 per
2599 4975 2876 5048 justitiam
2903 4981 2958 5037 in
2987 4982 3156 5041 vitam
3185 4989 3486 5050 aeternam.
3510 4996 3610 5054 per
3636 4977 3725 5050 εἰς·

2146 5061 2266 5128 sum
2291 5071 2564 5126 Christum
2587 5070 2873 5128 Dominum
2895 5081 3178 5148 nostrum;
3205 5079 3268 5130 ut
3285 5073 3544 5145 sicutper
3563 5073 3729 5138 Adam

2144 5173 2386 5236 coeptum
2413 5173 2694 5250 peccatum
2723 5164 2992 5237 regnavit,
3011 5164 3091 5222 sic
3115 5172 3176 5222 et
3191 5180 3288 5238 per
3312 5153 3590 5234 Christum
3608 5180 3732 5236 gra-

2147 5256 2242 5314 tia.
2267 5254 2359 5313 Sic
2385 5265 2568 5313 autem
2593 5265 2784 5328 regnat
2811 5257 2984 5327 gratia
3011 5271 3110 5327 per
3127 5256 3425 5327 justitiam.
3446 5257 3498 5312 si
3513 5265 3730 5328 accepta

2147 5349 2468 5406 remissione
2493 5357 2846 5420 peccatorum
2861 5347 3130 5419 justitiam
3152 5349 3526 5419 μηνίων-,ιιι
3547 5349 3735 5422 videtis

2149 5441 2324 5512 gratia
2348 5439 2586 5498 fructum
2609 5455 2670 5496 se
2694 5441 2900 5496 habere
2926 5439 2982 5495 in
3009 5433 3170 5495 bouis
3195 5453 3336 5510 quos
3357 5440 3617 5505 redemit,
3649 5455 3734 5497 re-

2150 5540 2280 5603 gnet
2308 5531 2363 5588 in
2390 5532 2558 5587 vitam
2586 5539 2868 5597 aeternam,
2898 5531 3078 5587 sciens
3105 5545 3205 5588 nos
3230 5530 3442 5587 (animo
3478 5538 3733 5588 alemus.

2155 5621 2625 5693 Superabuudavit
2655 5637 2787 5694 ergo
2817 5623 3014 5692 gratia,
3038 5622 3165 5693 quia
3187 5629 3470 5692 peccatum
3493 5621 3738 5692 regnavit

2155 5714 2225 5768 ad
2271 5723 2511 5783 tempus,
2538 5711 2712 5782 gratia
2739 5718 2920 5768 autem
2945 5711 3000 5768 in
3030 5719 3313 5771 aeternum.
3348 5710 3447 5769 Dei
3477 5711 3626 5768 enim
3653 5725 3738 5766 re-
