4056 6336
300 371 443 428 1589

292 499 466 559 gnum
487 484 780 556 est,gratia
811 481 1091 556 regnante,
1113 483 1252 538 sicut
1275 481 1469 538 diaboli
1490 493 1713 550 regnum
1738 486 1876 544 erat,
1909 480 1956 540 Α

292 585 524 652 peccato
570 586 844 647 regnante.
895 576 1090 631 Totum
1137 582 1317 628 tamen
1358 574 1428 627 ad
1475 572 1750 626 Christum
1798 583 1882 625 re-

293 671 430 737 fert,
462 679 520 727 ut
549 671 725 726 omnis
754 670 952 741 gratia
974 668 1069 723 Dei
1096 679 1126 722 a
1151 666 1372 723 Christo
1407 667 1664 722 discatur.
1697 665 1888 737 (Aug)

248 793 250 796 τ
297 761 457 830 Quod
490 776 620 817 vero
648 761 802 826 dicit,
826 760 910 816 lea:
935 768 1110 814 autem
1137 759 1467 835 subintrauit,
1502 770 1558 814 nt
1591 760 1896 814 abundaret

293 853 570 919 delictum,
607 852 724 921 jam
758 867 862 906 non
903 851 1138 921 pertinet
1166 851 1234 905 ad
1273 849 1405 906 illud
1454 849 1706 906 delictum
1736 849 1879 919 quod

294 945 536 1001 trahitur
558 959 624 999 ex
646 943 835 1008 Adam,
874 943 939 998 de
965 945 1072 1014 quo
1097 943 1348 1012 superius
1370 943 1600 1007 dicebat,
1630 957 1769 996 mors
1797 957 1879 996 re-

293 1036 472 1108 gnavit
495 1052 591 1107 per
612 1047 796 1089 unum.
825 1033 1020 1106 Legem
1063 1035 1260 1105 quippe
1300 1034 1413 1088 sive
1453 1033 1752 1087 naturalem
1789 1033 1874 1087 in-

292 1126 625 1198 telligamus,
657 1140 776 1194 quae
802 1125 854 1179 in
880 1131 1068 1180 eorum
1097 1134 1318 1195 apparet
1345 1124 1621 1188 aetatibus,
1655 1126 1744 1193 qui
1762 1123 1875 1193 jam

291 1219 511 1273 ratione
549 1218 628 1272 uti
654 1225 898 1289 possunt,
931 1217 1042 1272 sive
1071 1216 1454 1286 conscriptam,
1485 1232 1606 1286 quae
1640 1217 1762 1270 data
1791 1223 1877 1272 est

291 1315 396 1380 per
434 1307 675 1379 Moysen,
705 1309 828 1378 quia
857 1323 956 1363 nec
982 1308 1159 1377 potuit
1185 1308 1299 1376 ipsa
1329 1306 1610 1361 viviﬁcarc'
1640 1317 1693 1360 et
1745 1307 1869 1362 tibe-

291 1415 422 1460 rare
447 1419 477 1458 a
509 1404 625 1474 lege
666 1403 875 1473 peccati
915 1407 970 1458 et
1009 1402 1198 1456 mortis
1240 1415 1358 1472 qua:
1403 1407 1630 1456 tractata
1682 1409 1766 1456 est
1809 1411 1874 1455 ex

291 1497 492 1562 Adam,
515 1495 610 1552 sed
645 1497 818 1566 magis
840 1491 1044 1549 addidit
1065 1493 1527 1563 praevaricationis
1554 1499 1872 1563 augmenta:

291 1589 384 1643 ubi
412 1590 552 1642 enim
583 1584 686 1644 non
712 1597 788 1642 est
828 1587 930 1652 lex,
965 1601 1057 1641 nec
1087 1584 1464 1657 prtevaricatio.
1516 1584 1872 1640 Praevaricata

292 1691 426 1751 ergo
465 1679 582 1750 lege
619 1691 739 1748 quas
763 1679 815 1732 in
845 1678 1103 1747 paradiso
1137 1677 1262 1730 data
1300 1686 1399 1738 est,
1430 1675 1670 1730 nascitur
1715 1679 1874 1730 homo

293 1784 362 1824 ex
388 1769 558 1824 Adam
590 1783 713 1825 cum
755 1769 869 1840 lege
915 1768 1124 1838 peccati
1169 1775 1222 1822 et
1271 1767 1480 1830 mortis,
1512 1765 1578 1820 de
1606 1779 1710 1836 qua
1744 1766 1875 1820 dici-

830 367 1375 426 ENARRATIONUM
1411 367 1480 441 iN
1512 365 1658 422 EPP.
1701 363 1900 420 mou
1937 363 2062 418 uo.
2105 362 2190 419 ut.
2229 397 2297 407 -
2333 366 2400 422 IN
2436 367 2651 424 EPIST.
2695 344 2991 425 Annon.

3419 371 3556 426 1590

2491 479 2494 482 ’
2589 481 2814 538 CAPUT
2858 483 2942 536 Vl.

1982 565 2227 622 Desierat
2251 568 2610 645 Apostolusi-u
2635 575 2860 645 peccatis
2884 591 2988 628 non
3010 592 3118 630 esse
3148 579 3480 645 manendum,
3505 588 3553 633 et

2336 643 2474 710 quod
2499 643 2561 700 ait
2595 644 2822 698 virtuose
2853 648 3194 714 operandam.

2009 779 2016 785 -
2053 746 2195 811 Quid
2236 761 2356 818 ergo
2399 750 2666 806 dicemus?
2704 757 3117 823 permanebimus
3147 760 3198 812 in
3233 772 3464 831 peccato,
3496 775 3554 818 ut

1978 840 2149 908 gratia
2182 839 2445 894 abundet?
2468 841 2630 896 Absit.
2660 844 2842 917 (Aug)
2872 847 3023 913 Quod
3061 858 3239 905 autem
3271 854 3346 907 ait
3377 871 3388 908 :
3415 854 3554 920 Quid

1979 931 2123 984 etaim
2149 931 2422 986 dicemus?
2447 937 2860 1003 permanebimus
2907 941 2961 992 in
3014 953 3252 1010 peccato,
3285 955 3339 998 ut
3385 949 3556 1016 gratia

1979 1023 2247 1076 abundet?
2285 1025 2448 1078 Absit.
2494 1024 2597 1090 Qui
2639 1030 2831 1082 mortui
2872 1039 3049 1085 sumus
3091 1046 3300 1102 peccato
3346 1038 3553 1107 quando

1979 1113 2284 1189 [quomodo]
2310 1119 2532 1171 vivemus
2555 1120 2611 1171 in
2641 1135 2721 1172 eo.
2765 1119 2864 1176 llic
2903 1124 3139 1178 ossendit
3164 1127 3232 1180 de
3266 1129 3554 1197 praeteritis

1974 1207 2211 1273 peccatis
2235 1206 2436 1262 factum
2475 1223 2616 1274 esse,
2643 1219 2703 1264 ut
2744 1214 3093 1279 donarentur,
3120 1224 3174 1269 et
3201 1218 3253 1270 in
3277 1233 3342 1272 eo
3363 1234 3552 1289 super-

1976 1295 2276 1352 a-btmdasse
2306 1300 2554 1369 gratiam,
2582 1309 2642 1354 ut
2668 1303 2938 1370 praeterita
2970 1315 3190 1373 peccata
3218 1308 3554 1365 dimitteren-
3595 1297 3598 1300 ’

1976 1395 2080 1441 tur.
2104 1387 2244 1459 Ergo
2261 1392 2508 1460 quisquis
2527 1394 2703 1449 adhuc
2728 1397 2919 1465 quaerit
2942 1409 3226 1468 augmenta
3244 1403 3472 1470 peccati,
3493 1413 3553 1456 ut

1975 1489 2322 1550 augmentum
2349 1486 2539 1554 gratiae
2562 1487 2782 1553 sentiat,
2808 1501 2914 1544 non
2939 1490 3187 1563 intelligit
3217 1493 3271 1547 id
3292 1509 3348 1548 se
3373 1509 3549 1564 agere,

1975 1576 2034 1622 ut
2055 1569 2190 1624 nihil
2217 1571 2270 1624 in
2296 1585 2360 1626 eo
2389 1576 2558 1643 gratia
2583 1587 2857 1646 operetur.
2889 1580 3037 1650 Opus
3065 1585 3209 1637 enim
3237 1587 3423 1655 gratim
3447 1594 3550 1652 est,

1975 1667 2034 1712 ut
2047 1660 2341 1716 moriamur
2360 1655 2599 1749 peccato.
2627 1668 2851 1738 (Ambr.)
2871 1670 2983 1726 Hoc
3007 1683 3110 1739 est,
3141 1670 3383 1746 nunquid
3414 1690 3554 1731 sem-

1973 1765 2072 1822 per
2113 1758 2443 1825 [necandum
2471 1768 2568 1823 est,
2601 1761 2659 1816 ut
2704 1766 2900 1818 donum
2945 1767 3034 1820 Dei
3083 1767 3340 1832 abundet,
3369 1776 3552 1836 tegens

292 1870 422 1915 tur:
457 1859 619 1915 Video
653 1860 814 1914 aliam
853 1860 1014 1930 legem
1042 1860 1100 1913 in
1130 1857 1370 1912 membris
1410 1858 1538 1911 meis
1575 1871 1872 1927 repugnari-
1900 1844 1949 1903 Β
1976 1855 2159 1900 mstra
2197 1856 2439 1917 peccata,
2465 1858 2521 1904 ut
2551 1868 2762 1923 semper
2799 1854 3166 1911 remissionem
3206 1867 3549 1928 peccatorum

294 1962 398 2006 tem
425 1952 528 2021 legi
558 1952 746 2006 mentis
772 1965 929 2013 mete,
963 1957 1017 2006 e’t
1045 1956 1240 2004 caetera
1271 1947 1444 2020 (Rom.
1477 1949 1604 2019 vn);
1633 1961 1752 2018 qua:
1798 1955 1884 2002 tav

294 2055 421 2096 men
447 2041 551 2096 nisi
580 2039 722 2095 mala
763 2047 948 2111 postea
988 2039 1376 2094 consuetudine
1413 2040 1715 2101 roboretur,
1751 2038 1882 2093 faci-

293 2132 400 2188 lius
430 2133 685 2198 vincitur,
711 2147 818 2187 non
843 2140 1022 2185 tamen
1049 2131 1166 2184 sine
1191 2129 1363 2199 gratia
1386 2128 1499 2183 Dei.
1531 2127 1670 2199 Lege
1699 2137 1880 2182 autem

295 2225 401 2280 alia
439 2225 813 2294 praevaricata,
840 2239 959 2292 qua:
985 2230 1067 2277 est
1103 2222 1158 2276 in
1185 2235 1285 2276 usu
1317 2221 1544 2274 rationis
1572 2220 1766 2274 animae
1795 2234 1888 2273 ra‘

293 2315 533 2380 't‘ronalis,
565 2316 620 2371 in
638 2323 798 2370 aetate
825 2313 1064 2370 heroinis
1080 2312 1188 2381 jam
1207 2313 1416 2366 ratione
1436 2311 1652 2373 utentis,
1675 2325 1884 2380 praeva-

292 2406 561 2463 ricatores
585 2406 720 2461 ﬁunt
753 2419 943 2462 omnes
962 2414 1278 2476 peccatores
1303 2411 1481 2456 terrae.
1518 2401 1880 2456 Praevaricata

292 2511 429 2552 vero
454 2499 569 2569 lege
594 2499 758 2553 etiam
788 2498 875 2552 illa
900 2509 1023 2565 qua:
1047 2498 1173 2550 data
1198 2503 1282 2550 est
1306 2509 1402 2565 per
1435 2495 1676 2565 Moysen,
1708 2496 1885 2550 multo

291 2591 530 2657 amplius
561 2590 796 2645 abundat
825 2589 1103 2644 deli-ctum.
1135 2586 1248 2641 Lex
1291 2601 1421 2658 ergo
1472 2587 1797 2642 subintravit
1825 2596 1884 2642 ut

288 2681 596 2736 abundaret
636 2681 888 2736 delictum
915 2721 929 2742 ,
981 2680 1096 2734 sive
1145 2693 1268 2733 cum
1308 2678 1554 2733 homines
1604 2679 1880 2749 negligant

286 2773 438 2842 quod
469 2771 598 2826 dicit
621 2785 686 2826 ac
707 2770 879 2840 jubet,
909 2771 1022 2826 sive
1050 2785 1173 2825 cum
1199 2771 1266 2824 de
1293 2771 1406 2825 suis
1439 2771 1645 2824 viribus
1668 2783 1877 2840 praesu—

284 2874 509 2922 mentes
537 2863 862 2935 adjutorium
893 2865 1084 2935 gratiae
1108 2877 1213 2918 non
1249 2862 1560 2932 implorant,
1587 2873 1642 2917 et
1675 2863 1880 2918 addunt

283 2957 596 3014 infirmitati
624 2956 951 3026 superbiam.
979 2954 1114 3009 Cum
1156 2961 1334 3008 autem
1366 2953 1654 3008 vocatione
1695 2952 1877 3007 divina

282 3047 606 3118 hteliigunt‘
620 3047 706 3102 cui
730 3047 800 3100 sit
824 3045 1302 3116 ingemiscendum,
1327 3050 1384 3097 et
1405 3044 1659 3099 invocant
1682 3059 1804 3098 eum
1824 3043 1878 3097 in

288 3145 458 3209 (luem
504 3144 653 3190 recte
683 3136 926 3201 credunt,
957 3135 1198 3190 dicentes
1228 3150 1242 3187 :
1269 3131 1517 3187 Miserere
1556 3133 1678 3199 mei,
1713 3132 1874 3198 Deus,

1986 1949 2287 2026 sperantes,
2309 1945 2434 2012 quia
2460 1945 2599 2001 Deus
2636 1950 2755 2016 pius
2791 1958 2894 2013 est,
2922 1949 3120 2005 Christi
3155 1954 3383 2022 gratiam
3417 1968 3555 2022 pric-

1985 2029 2258 2088 feramus‘?
2287 2034 2401 2090 Non
2433 2038 2634 2106 utique.
2664 2039 2785 2094 [dco
2816 2042 2958 2095 enim
2990 2045 3160 2097 nostri
3191 2044 3444 2100 misertus
3474 2053 3558 2101 est

1986 2125 2126 2181 Deus
2153 2143 2249 2196 per
2282 2128 2555 2184 Christum
2575 2173 2588 2196 ,
2617 2141 2673 2186 ut
2707 2134 2771 2187 de
2799 2144 2996 2189 caetero
3026 2152 3128 2189 non
3166 2149 3471 2208 peccantes,
3504 2150 3558 2194 et

1985 2221 2239 2274 meritum
2271 2221 2425 2276 nobis
2451 2231 2504 2277 et
2535 2224 2625 2276 Dei
2664 2225 2890 2294 gratiam
2920 2227 2971 2279 in
3005 2242 3102 2281 nos
3129 2241 3354 2298 regnare
3387 2228 3554 2282 facia-

1984 2321 2124 2362 mus.
2156 2308 2346 2364 Aufert
2373 2311 2515 2366 enim
2545 2327 2765 2382 regnum
2795 2316 2981 2384 gratim
3011 2315 3125 2381 Dei,
3151 2326 3205 2371 et
3237 2312 3400 2372 tradit
3428 2334 3556 2388 pec-

1983 2405 2129 2462 cato,
2163 2401 2252 2468 qui
2303 2415 2489 2456 rursus
2540 2404 2676 2458 redit
2727 2404 2791 2456 ad
2844 2412 3079 2460 veterem
3133 2408 3425 2474 hominem,
3457 2411 3556 2464 hoc

1984 2497 2094 2554 est,
2123 2491 2188 2543 ad
2218 2491 2377 2545 ritum
2407 2494 2694 2562 prteterita:
2724 2494 2864 2549 vitae.
2890 2495 3105 2551 Duabus
3126 2499 3266 2552 enim
3292 2515 3356 2554 ex
3383 2502 3559 2556 causis

1939 2621 1953 2634 .
1984 2578 2407 2635 misericordiam
2438 2585 2764 2652 accepimus,
2794 2595 2852 2638 ut
2892 2593 2942 2639 et
2980 2587 3175 2640 diauoli
3209 2604 3430 2658 regnum
3460 2606 3555 2644 cx-

1983 2669 2322 2736 clnderetur,
2353 2681 2406 2726 et
2436 2672 2526 2727 Dei
2563 2674 2844 2744 imperium
2886 2676 3254 2744 ignorantibus
3293 2680 3554 2748 prtedica—
3619 2732 3629 2740 ,

1984 2769 2153 2826 retur,
2193 2777 2289 2831 per
2319 2764 2419 2818 hoc
2463 2765 2634 2835 ipsum
2679 2767 2934 2836 dignitate
2979 2753 3133 2824 nobis
3175 2771 3418 2839 quztsita.
3457 2771 3558 2836 Qui

1981 2853 2117 2907 enim
2157 2858 2348 2910 mortui
2395 2871 2573 2910 sumus
2614 2868 2854 2928 peccato,
2901 2863 3158 2931 quomodo
3198 2863 3369 2916 adhuc
3418 2865 3552 2917 vive-

1981 2957 2097 2996 mus
2130 2945 2184 2998 in
2225 2945 2358 3000 illa?
2403 2947 2515 3003 Hoc
2555 2949 2714 3015 dicit,
2759 2952 3011 3020 quoniam
3055 2953 3297 3007 viventes
3337 2962 3556 3022 peccato

1982 3035 2178 3088 mortui
2224 3047 2438 3092 eramus
2483 3042 2624 3108 apud
2670 3040 2836 3096 Deum
2867 3042 2992 3110 :qui
3037 3051 3225 3110 peccat
3252 3043 3395 3096 enim
3426 3045 3556 3097 vivit

1981 3132 2226 3194 peccato,
2258 3127 2396 3182 sicut
2438 3130 2528 3198 qui
2569 3147 2674 3185 non
2725 3141 2912 3200 peccat
2949 3133 3078 3187 vivit
3121 3132 3248 3188 Deo.
3286 3133 3556 3204 Superve-

290 3205 582 3284 secttndum
605 3232 846 3296 magnam
869 3224 1281 3280 misericordiam
1307 3231 1450 3276 tuam
1477 3223 1651 3292 (Paul.
1681 3223 1756 3293 ι).
1781 3224 1866 3289 Et,
1898 3205 1943 3268 C
1975 3215 2158 3270 niente
2183 3218 2323 3271 enim
2343 3220 2512 3287 gratia
2529 3219 2625 3273 Dei
2652 3235 2754 3289 per
2772 3221 3064 3288 Christum,
3081 3232 3130 3278 et
3156 3239 3253 3278 nos
3275 3239 3372 3292 per
3397 3225 3553 3278 ﬁdem

293 3316 412 3386 Ego
433 3315 564 3378 dilati,
588 3313 832 3377 Domine,
851 3314 1095 3366 miserere
1123 3313 1244 3374 mei,
1274 3327 1406 3364 sana
1435 3313 1668 3365 animum
1709 3321 1878 3365 meum

295 3404 550 3476 “enim
571 3403 774 3472 peccavi
801 3402 900 3455 tibi
939 3401 1112 3471 (Psal.
1139 3401 1250 3470 XL).
1295 3400 1428 3455 Cum
1458 3414 1588 3470 ergo
1612 3414 1669 3454 se
1719 3403 1880 3455 homo

300 3497 374 3550 ad
404 3493 553 3546 illum
585 3490 893 3547 ostenderit
926 3501 981 3546 et
1006 3493 1086 3547 sic
1113 3492 1457 3561 ingemuerit,
1487 3492 1578 3544 (iet
1616 3494 1760 3561 quod
1797 3508 1890 3547 se-'

300 3586 508 3655 quitur,
529 3581 618 3638 ubi
637 3593 814 3637 autem
836 3583 1118 3636 abundavit
1144 3581 1410 3646 delictum,
1442 3584 1880 3652 superabundavit

299 3677 496 3750 gratia,
519 3682 577 3731 et
603 3676 946 3730 dimittuntur
969 3675 1023 3728 ei
1053 3682 1276 3744 peccata
1299 3674 1464 3729 multa
1482 3716 1496 3739 ,
1525 3676 1779 3745 quoniam
1807 3675 1886 3731 di-

301 3769 438 3823 iexit-
467 3765 694 3822 multum
722 3765 872 3838 (Luc.
907 3766 1002 3835 vn)
1024 3806 1037 3829 ,
1065 3773 1122 3819 et
1145 3764 1461 3820 diliunditur
1489 3764 1543 3818 in
1572 3767 1733 3819 corde
1758 3767 1884 3820 cha-

303 3861 441 3915 ritas
488 3859 604 3923 Dei,
633 3859 776 3913 unde
825 3857 918 3911 fiat
962 3857 1093 3926 legis
1141 3857 1436 3926 plenitudo,
1481 3869 1588 3909 non
1616 3870 1715 3926 per
1738 3858 1884 3911 vires

305 3955 515 4012 arbitrii
543 3955 682 4024 quod
705 3959 787 4008 est
810 3955 866 4007 in
890 3953 1064 4015 nobis,
1086 3951 1183 4006 sed
1206 3965 1306 4020 per
1349 3949 1609 4019 Spiritum
1637 3959 1883 4005 sanctum

307 4049 400 4120 Qui
431 4049 586 4101 datus
623 4055 706 4100 est
736 4044 893 4100 nobis
913 4086 928 4110 ,
953 4053 1009 4097 ut
1037 4043 1472 4114 guernadmodum
1505 4044 1733 4112 regnavit
1764 4059 1884 4112 pec-

308 4145 483 4195 catum
507 4139 562 4191 in
591 4144 775 4199 morte,
804 4136 880 4189 sic
917 4144 964 4188 et
1012 4134 1182 4204 gratia
1227 4141 1400 4203 regnet
1427 4149 1517 4202 per
1533 4133 1796 4203 justitiam
1829 4134 1887 4187 in

310 4236 464 4289 vitam
506 4242 774 4295 atternam,
815 4245 908 4300 per
947 4226 1128 4283 Iesum
1170 4225 1432 4281 Christum
1473 4226 1756 4280 Dominum
1795 4242 1888 4280 no-

309 4335 495 4381 strum.
529 4321 702 4386 Modo,
729 4337 851 4376 cum
879 4321 1129 4382 dixisset,
1155 4327 1212 4371 ut
1238 4318 1677 4386 quemadmodum
1710 4333 1890 4387 regna-

313 4420 382 4473 vit
404 4424 670 4486 peccatum
699 4414 755 4466 in
783 4421 946 4465 morte
964 4449 978 4475 ,
1010 4424 1122 4463 non,
1142 4409 1249 4471 ait,
1277 4423 1375 4477 per
1399 4425 1562 4462 unum
1592 4409 1887 4473 hominem,

316 4516 408 4564 aut
441 4507 676 4577 pritnmn
715 4503 1009 4563 hominem,
1040 4508 1134 4553 aut
1167 4513 1267 4567 per
1310 4498 1499 4561 Adam,
1527 4499 1650 4566 quia
1671 4499 1784 4567 jam
1815 4497 1888 4551 di.

317 4605 513 4665 xerat,
548 4593 632 4646 ιεω
679 4590 986 4645 subintravit
1031 4598 1090 4642 ut
1132 4586 1421 4641 abundaret
1467 4586 1710 4639 delictum
1735 4599 1894 4653 :qute

320 4685 641 4744 abundantia
671 4691 778 4736 non
817 4681 1049 4750 pertinet
1087 4680 1153 4734 ad
1182 4678 1344 4748 primi
1372 4678 1606 4732 hominis
1644 4679 1895 4747 propagi-

321 4791 463 4841 nem,
491 4765 590 4829 εμθύ
631 4774 697 4827 ad
742 4762 1168 4827 conversationis
1199 4771 1450 4824 humana:
1490 4769 1893 4837 praevaricatio-

322 4884 463 4934 nem,
494 4881 614 4938 quae
642 4866 722 4920 iiii
746 4865 836 4918 uni
883 4864 1099 4929 delicto,
1128 4878 1236 4932 quo
1264 4861 1380 4917 solo
1421 4862 1666 4916 obstricti
1698 4869 1890 4916 tenen-

324 4971 409 5018 tur
431 4959 660 5014 infantes
678 4959 790 5027 jam
813 4956 866 5009 in
888 4955 1184 5022 majoribus
1201 4952 1449 5007 aetatibus
1469 4967 1535 5006 ex
1561 4951 1891 5006 abundantia

327 5051 621 5123 iniquitatis
643 5048 850 5117 adjecta
871 5055 973 5100 est.
1001 5045 1107 5099 Sed
1125 5043 1379 5114 quoniam
1401 5043 1506 5097 hoc
1531 5049 1699 5096 totum
1729 5043 1893 5096 etiam

329 5144 463 5212 quod
494 5157 596 5196 non
628 5139 861 5210 pertinet
906 5139 973 5191 ad
1015 5137 1157 5191 illius
1201 5137 1361 5190 unius
1395 5135 1577 5190 delicti
1607 5135 1894 5204 originem,

331 5242 502 5288 tamen
530 5233 720 5288 idonea
744 5237 829 5286 est
850 5231 1058 5286 solvere
1078 5230 1252 5299 gratia
1273 5228 1602 5296 Salvatoris;
1634 5230 1752 5284 ideo
1773 5245 1894 5284 cum

337 5323 567 5388 dixisset,
596 5327 670 5377 sic
698 5334 746 5377 et
785 5324 957 5394 gratia
999 5331 1175 5391 regnet
1216 5334 1309 5391 per
1338 5320 1603 5390 justitiam
1643 5320 1696 5374 in
1739 5321 1896 5374 vitam

336 5422 592 5478 almam,
625 5415 848 5478 addidit,
880 5432 972 5484 per
993 5411 1175 5469 Iesum
1206 5413 1468 5466 Christum
1498 5411 1776 5466 Dominum
1799 5429 1895 5466 no-

338 5512 513 5561 strum.
557 5502 766 5556 Nullius
807 5504 988 5571 itaque
1024 5503 1520 5574 argumentationes
1566 5513 1749 5556 contra
1782 5503 1897 5556 haec

343 5596 622 5665 apostolica
653 5595 817 5647 verba
839 5594 1132 5661 impediant
1151 5597 1405 5664 parvulos
1425 5610 1454 5647 a
1478 5594 1669 5657 salute,
1685 5609 1802 5662 qua:
1817 5599 1900 5647 est

345 5687 392 5741 in
419 5685 630 5740 Christo
663 5685 788 5739 Jesu
835 5684 1060 5737 Domino
1091 5696 1296 5752 nostro,
1327 5693 1476 5740 tanto
1501 5685 1672 5754 magis
1699 5697 1797 5752 pro
1819 5683 1900 5737 eis

347 5776 475 5844 loqui
509 5776 784 5839 debemus,
803 5780 1001 5844 quanto
1033 5777 1130 5845 ipsi
1155 5792 1250 5845 pro
1272 5792 1329 5831 se
1352 5777 1494 5844 loqui
1525 5791 1630 5830 non
1654 5783 1897 5844 possunt.

1983 3306 2198 3363 lavacro
2247 3309 2468 3380 spiritali
2511 3323 2883 3382 regenerante,
2907 3316 3167 3386 cmpimus
3206 3315 3386 3370 vivere
3424 3316 3552 3380 Deo,

1985 3397 2180 3450 mortui
2211 3406 2387 3452 autem
2416 3415 2537 3454 esse
2558 3411 2799 3470 peccato,
2831 3405 2918 3472 qui
2951 3415 3032 3459 est
3059 3404 3321 3471 diabolus,
3353 3407 3454 3461 hoc
3477 3416 3560 3461 est

1987 3492 2167 3539 tamen
2196 3489 2331 3540 mori
2361 3498 2580 3556 peccato
2599 3531 2613 3554 ,
2642 3491 2854 3545 liberari
2881 3507 2910 3545 a
2940 3504 3188 3561 peccato,
3225 3494 3339 3549 ﬁeri
3377 3505 3557 3551 autem

1987 3591 2202 3631 servum
2225 3580 2336 3632 Dei.
2357 3581 2538 3652 Itaque
2553 3583 2747 3636 mortui
2767 3583 2874 3650 jam
2895 3591 3135 3652 peccato,
3152 3600 3259 3638 non
3276 3586 3558 3641 redeamus

1989 3667 2055 3720 ad
2085 3667 2222 3722 mala
2251 3671 2494 3738 pristina,
2519 3687 2586 3724 ne
2612 3674 2806 3726 iterum
2835 3673 3073 3728 vivamus
3098 3684 3339 3743 peccato,
3365 3685 3420 3730 et
3445 3693 3560 3731 mo-

1989 3759 2190 3814 rientes
2210 3761 2336 3823 Deo,
2355 3764 2551 3817 amissa
2568 3765 2844 3834 dignitate,
2862 3779 3072 3836 poenam
3087 3784 3245 3837 quam
3270 3771 3556 3837 evasimus,

1989 3849 2343 3904 incurramus.
2364 3851 2542 3923 (Aug)
2559 3855 2632 3907 De
2649 3870 2748 3922 qua
2773 3871 2869 3923 per
2896 3872 3058 3910 unum
3081 3858 3347 3913 hominem
3365 3875 3558 3930 pmnrc,

1989 3950 2046 3995 et
2068 3953 2166 4009 per
2189 3949 2354 4019 unum
2400 3945 2666 3999 hominem
2709 3948 2891 4017 gratia:
2926 3963 3047 4002 cum
3093 3950 3300 4004 loeutus
3348 3950 3560 4018 fuisset,

1991 4031 2184 4085 deinde
2209 4034 2348 4087 sacri
2371 4034 2703 4104 baptismatis
2731 4037 2780 4090 in
2810 4051 2970 4092 cruce
2992 4040 3192 4094 Christi
3219 4043 3417 4110 grande
3448 4058 3558 4113 my-

1992 4123 2216 4176 sterium
2238 4127 2650 4192 commendavit,
2676 4141 2740 4182 eo
2766 4130 2940 4192 modo,
2966 4141 3024 4182 ut
3046 4130 3402 4201 intelligamus
3433 4134 3563 4188 nihil

1993 4213 2135 4268 aliud
2183 4229 2302 4269 esse
2345 4215 2542 4271 Christi
2591 4219 2914 4287 baptismum
2962 4220 3063 4276 nisi
3119 4224 3306 4278 mortis
3357 4223 3558 4280 Christi

1992 4307 2414 4363 similitudinem.
2441 4309 2584 4364 Nihil
2610 4319 2786 4366 autem
2807 4311 2949 4367 aliud
2972 4323 3200 4369 mortem
3222 4301 3421 4373 Christi
3444 4335 3567 4374 cru-

1995 4401 2171 4468 ciﬁxi,
2230 4403 2334 4457 nisi
2387 4404 2720 4458 remissionis
2771 4405 2973 4474 peccati
3030 4406 3452 4473 similitudinem,
3507 4419 3565 4464 ut

1997 4496 2447 4564 quemadmodum
2475 4495 2528 4549 in
2557 4495 2647 4551 illo
2667 4509 2790 4550 vera
2814 4511 2960 4552 mors
2987 4496 3125 4551 “acta
3152 4507 3251 4564 est,
3285 4501 3361 4555 sic
3390 4501 3442 4555 in
3471 4517 3565 4556 no-

1997 4589 2079 4643 bis
2102 4601 2230 4641 vera
2260 4589 2507 4642 remissio
2537 4596 2910 4655 peccatorum;
2945 4595 2999 4644 et
3026 4589 3474 4657 quemadmodum
3511 4593 3565 4645 in

1995 4679 2087 4735 illo
2115 4695 2240 4733 vera
2271 4679 2624 4740 resurrectio,
2662 4676 2734 4730 ita
2776 4676 2833 4730 in
2873 4676 3027 4730 nobis
3067 4691 3194 4731 vera
3227 4676 3561 4745 justiﬁeatio.

1994 4771 2086 4826 Ait
2114 4784 2242 4840 ergo
2270 4787 2281 4822 :
2309 4767 2448 4835 Quid
2491 4784 2610 4836 ergo
2641 4766 2912 4821 dicemus?
2939 4767 3350 4835 permanebimus
3374 4768 3429 4822 in
3450 4786 3565 4838 pec-

1993 4875 2130 4929 cato,
2162 4872 2216 4916 ut
2244 4863 2414 4933 gratia
2441 4860 2707 4915 abundet?
2733 4859 2953 4913 Dixerat
2992 4859 3134 4913 enim
3186 4861 3449 4929 superius,
3476 4862 3567 4918 ubi

1993 4955 2128 5009 enim
2171 4951 2446 5005 abundavit
2473 4959 2760 5020 peccatum,
2788 4947 3226 5019 superabundavit
3271 4952 3442 5022 gratia
3461 4969 3480 5018 ;
3513 4962 3569 5008 et

1994 5043 2116 5098 ideo
2151 5041 2499 5112 quazstioncm
2529 5039 2628 5094 sibi
2656 5039 2768 5108 ipse
2795 5037 3092 5108 proposuit,
3128 5047 3306 5093 utrum
3349 5050 3568 5112 propter

1997 5132 2378 5187 abundantiam
2428 5130 2613 5199 gratia:
2660 5128 3114 5199 consequendam,
3147 5128 3200 5182 in
3248 5138 3468 5199 peccato
3498 5133 3569 5195 sit

1997 5223 2438 5294 permanendum.
2468 5218 2574 5275 Sed
2601 5220 2896 5290 respondit,
2924 5218 3079 5282 absit,
3108 5226 3266 5288 atque
3300 5221 3524 5291 subjecit
3551 5238 3565 5276 :

1999 5316 2060 5372 Si
2075 5315 2264 5369 mortui
2285 5328 2465 5367 sumus
2483 5321 2710 5382 peccato,
2725 5310 2980 5381 quomodo
3001 5311 3222 5364 vivemus
3242 5311 3296 5364 in
3317 5327 3375 5366 eo
3393 5314 3418 5366 Ρ
3437 5313 3569 5368 nihil

1998 5407 2101 5462 dici
2131 5406 2304 5475 potuit
2329 5403 2543 5458 brevius
2569 5413 2622 5457 et
2648 5403 2872 5467 melius;
2905 5402 3031 5472 quid
3052 5404 3192 5456 enim
3220 5403 3371 5458 nobis
3396 5405 3566 5473 gratia

1999 5495 2096 5550 Dei
2137 5492 2327 5547 utilius
2371 5490 2580 5546 confert
2607 5492 2659 5544 in
2691 5493 2790 5545 hoc
2817 5492 3068 5560 praesenti
3109 5492 3302 5546 smculo
3333 5491 3568 5559 maligno

1995 5586 2103 5639 nisi
2133 5593 2193 5637 ut
2219 5584 2516 5638 moriamur
2543 5591 2781 5651 peccato,
2814 5596 2875 5637 ac
2906 5599 2999 5652 per
3021 5584 3119 5637 hoe
3150 5583 3247 5653 ipsi
3280 5584 3462 5652 gratim
3493 5583 3571 5635 in-

2002 5678 2250 5732 venietur"
2293 5676 2550 5746 ingratus,
2577 5675 2667 5744 qui
2720 5687 2938 5745 propter
2980 5675 3122 5729 illam
3165 5675 3276 5728 vult
3304 5674 3483 5725 νὶγειιν
3516 5672 3565 5724 in

2003 5777 2244 5842 peccato,
2269 5782 2364 5839 per
2388 5783 2545 5837 quam
2581 5767 2839 5820 morimur
2866 5774 3102 5836 peccato.
