4056 6336
453 274 590 331 1595

1077 269 1138 324 Β.
1180 268 1433 325 RABANI
1472 268 1692 325 MAURI
1729 267 2047 325 ARCHIEP.
2090 265 2400 325 MOGUNT.
2437 268 2723 327 OPERUM
2760 270 2939 326 PARS
2973 270 3077 327 lll.‘

3590 273 3773 330 i596

450 398 563 444 tum
609 386 889 457 pertulerit
938 385 1157 450 mortis,
1202 400 1323 453 quae
1363 385 1479 441 sine
1515 384 1677 439 dubio
1712 382 2021 440 dominatur
2048 386 2098 445 Α
2126 382 2338 452 tyranni
2367 384 2663 453 mortisque
2699 386 2954 454 patiatur.
2980 383 3105 439 llaec
3134 396 3295 455 prout
3327 397 3655 463 potuunus
3687 388 3774 444 ad

447 477 698 535 omnibus
733 476 825 547 qui
874 476 930 531 in
950 490 1111 531 carne
1134 475 1295 547 positi
1325 476 1426 532 sub
1461 475 1643 530 servili
1682 473 1854 528 forma
1894 489 2019 529 cen-

412 576 653 633 sentur.
697 567 846 622 Alius
896 581 1029 621 vero
1077 565 1169 636 qui
1212 565 1615 636 profundiorem
1661 565 1716 619 in
1746 565 1833 620 his
1864 564 2019 620 Pauli

447 674 663 715 sensum
684 659 737 712 in
753 657 954 712 virtute
974 657 1211 727 Spiritus
1238 663 1539 722 contuetur,
1565 656 1706 711 dicet
1727 656 1850 727 quia
1870 672 2018 712 mors

446 751 554 815 hic,
576 749 641 805 de
674 762 779 819 qua
800 748 998 804 (ﬁcitur
1020 745 1163 817 quod
1188 747 1331 800 ultra
1355 761 1462 801 non
1483 745 1849 801 dominabitur
1867 746 2021 803 Chri-

445 849 547 908 sto,
576 838 668 895 ille
684 839 808 908 ipse
832 837 1210 907 intelligendus
1252 846 1336 891 est
1377 836 1699 891 novissimus
1737 838 2016 905 inimicus,

444 933 536 1002 qui
560 931 788 1004 ﬁguram
810 930 1000 985 habuit
1031 929 1132 984 ceti
1162 928 1309 984 illius
1335 928 1425 1000 qui
1449 929 1803 985 absorbuerat
1823 929 2017 986 Jonam

445 1018 592 1093 (Jan.
620 1019 705 1092 ιι),
735 1020 802 1075 de
845 1036 951 1090 quo
994 1013 1045 1073 in
1071 1019 1170 1075 Job
1198 1019 1458 1089 scriptum
1483 1028 1584 1085 est,
1619 1020 1709 1074 sed
1736 1018 2014 1075 maledicat

441 1114 613 1182 illam,
642 1116 731 1187 qui
776 1114 1046 1168 maledixit
1075 1114 1178 1167 diei
1207 1112 1348 1186 (Job.
1374 1112 1478 1185 ιιι),
1511 1113 1598 1167 ille
1643 1113 1733 1181 qui
1763 1129 2016 1184 magnum

443 1213 620 1259 cetum
655 1212 1032 1275 perempturus
1065 1213 1167 1259 est.
1200 1203 1256 1257 In
1282 1218 1443 1272 quam
1476 1212 1726 1269 mortem,
1757 1213 2013 1273 tanquam

441 1294 605 1352 Jonas
632 1295 685 1351 in
719 1303 958 1351 ventrem
982 1297 1105 1360 ceti,
1129 1294 1376 1350 Christus
1397 1296 1677 1365 ingressus
1699 1304 1799 1360 est,
1817 1297 1871 1349 in
1893 1312 2016 1352 eum

440 1389 613 1445 locum
630 1389 835 1446 scilicet
856 1404 1014 1460 quem
1029 1390 1276 1445 Salvator
1288 1391 1400 1460 ipse
1416 1404 1509 1445 cor
1524 1398 1679 1444 terra:
1696 1389 2014 1455 nominavit,

437 1481 491 1535 in
514 1497 620 1552 quo
634 1489 741 1537 tres
754 1483 869 1537 dies
884 1493 936 1537 et
958 1490 1069 1536 tres
1083 1490 1269 1537 noctes
1283 1480 1687 1551 exemploJonae
1702 1496 2015 1536 mansurum

437 1588 559 1628 esse
574 1572 768 1628 Filium
789 1574 1023 1630 hominis
1044 1574 1192 1641 dicit,
1208 1563 1267 1627 ut
1283 1587 1376 1629 eos
1388 1573 1479 1643 qui
1503 1573 1631 1628 inibi
1653 1590 1683 1627 a
1699 1581 1873 1629 morte
1887 1573 2019 1629 deti-

2121 487 2206 536 ea,
2230 486 2346 541 quae
2368 474 2468 528 hoc
2491 474 2610 529 loco
2632 483 2901 530 commota
2930 484 3073 540 sunt,
3100 475 3358 545 diximus,
3378 489 3435 537 ut
3461 478 3767 536 manife-

2121 563 2256 618 stius
2291 565 2615 621 claresceret
2650 567 2920 635 quomodo
2945 566 3111 622 semel
3161 567 3410 627 Christus
3435 580 3530 627 est
3567 585 3768 629 mor-

2122 662 2247 709 tuus
2268 665 2509 724 peccato,
2528 667 2581 712 et
2602 655 2870 727 ultrajam
2901 674 3007 713 non
3038 662 3289 728 moritur,
3317 672 3372 719 et
3402 664 3543 734 quia
3575 662 3768 733 quod

2120 747 2272 813 vivit,
2299 747 2435 802 vivit
2456 749 2584 804 Deo.
2614 749 2813 807 Vivere
2837 760 3016 808 autem
3046 751 3160 807 Deo
3180 753 3257 808 ita
3286 754 3764 826 inteliigendum

2119 846 2223 903 est,
2256 839 2409 909 quasi
2437 838 2652 912 expleto
2681 856 2745 897 eo
2770 844 2913 914 quod
2939 844 3196 903 informa
3218 844 3313 901 Dei
3342 848 3572 916 positus
3614 848 3765 905 exi—

2118 927 2328 981 nanivit
2352 930 2715 1000 semetipsum,
2749 940 2807 987 et
2836 932 3069 995 formam
3099 935 3242 991 servi
3266 939 3512 1011 accepit,
3538 947 3615 995 et
3648 938 3759 997 fa—

2119 1026 2237 1075 ctus
2259 1023 2635 1081 est-obediens
2670 1041 2839 1096 usque
2862 1027 2932 1083 ad
2962 1037 3213 1103 mortem,
3244 1047 3460 1088 rursum
3479 1050 3761 1105 perma-

2118 1123 2245 1168 neat
2266 1113 2321 1167 in
2342 1115 2513 1170 l'orma
2539 1116 2630 1171 Dei
2653 1127 2813 1189 atque
2830 1119 3057 1191 aequalis
3075 1120 3246 1181 Patri.
3264 1122 3417 1185 Unde
3434 1128 3757 1187 etmerito

2118 1204 2175 1260 in
2203 1208 2657 1276 consequentibus
2685 1210 2853 1279 ponit.

2188 1296 2277 1349 lta
2308 1306 2354 1350 et
2405 1314 2489 1353 vos
2519 1299 2807 1354 existimate
2833 1318 2918 1356 vos
2945 1302 3154 1373 quidem
3176 1314 3408 1364 mortuos
3439 1300 3564 1364 esse
3591 1326 3753 1379 pec-

2118 1393 2257 1449 cato,
2284 1384 2504 1439 viventes
2530 1396 2705 1442 autem
2734 1388 2843 1443 Deo
2876 1389 2929 1442 in
2956 1388 3166 1446 Christo
3192 1390 3323 1455 Iesu
3355 1394 3597 1455 Domino
3634 1414 3749 1453 no-

2117 1482 2245 1527 stro.
2292 1474 2416 1551 [Quo
2464 1476 2673 1533 scilicet
2725 1478 3024 1536 imitatione
3078 1481 3281 1539 Christi
3320 1496 3554 1557 peccato
3599 1503 3748 1544 mor

2118 1565 2525 1631 riamur,'alieni
2556 1570 2719 1624 abeo
2750 1568 2947 1635 effecti,
2982 1580 3036 1626 et
3059 1572 3171 1628 Deo
3194 1575 3437 1631 vivamus
3462 1576 3745 1647 jungen-

438 1664 1002 1720 nebantureximeret.
1025 1664 1176 1731 Quod
1200 1673 1259 1718 ut
1287 1666 1461 1720 adhuc
1481 1664 1693 1735 planius
1728 1666 1900 1733 possit
1924 1665 2019 1719 ad-
2043 1733 2087 1739 _
2121 1664 2203 1712 tes
2247 1672 2345 1713 1108
2374 1658 2484 1725 illi.
2522 1669 2575 1713 οι
2616 1677 2753 1716 unus
2789 1678 2915 1719 Cum
2961 1663 3078 1734 ipso
3123 1667 3345 1739 spiritus
3378 1666 3527 1724 facti.
3586 1669 3740 1727 Non

436 1754 594 1819 verti,
622 1754 715 1809 tali
744 1755 940 1809 iterum
962 1756 1311 1811 similitudine
1349 1733 1583 1811 υιρηίωο,
1619 1756 1820 1827 Regem
1844 1773 2010 1826 pomi-
2042 1733 2094 1795 Β
2118 1748 2235 1803 sine
2264 1764 2423 1803 causa
2451 1750 2566 1805 haec
2591 1750 2744 1816 dixit,
2773 1733 3064 1810 existimate
3086 1733 3175 1810 vos
3198 1768 3430 1814 mortuos
3445 1776 3563 1815 esse
3590 1778 3739 1830 pec-

436 1861 557 1901 mus
585 1846 819 1903 nobilem
849 1856 902 1902 et
924 1849 1152 1918 justum,
1181 1850 1466 1903 adversum
1489 1848 1744 1916 injustum
1776 1848 2009 1918 aliquem

437 1946 729 2009 tyrannum
774 1939 847 1993 ita
879 1938 1073 1993 bellum
1115 1954 1304 2009 gerere
1330 1938 1629 2006 volentem,
1671 1956 1738 1995 ne
1775 1940 2009 1995 violento

434 2025 681 2080 videatur
711 2036 1044 2098 cruentoque
1072 2028 1265 2083 vicisse
1312 2027 1562 2084 conﬂictu
1585 2069 1599 2096 ,
1629 2029 1754 2099 quia
1790 2036 1845 2084 et
1871 2029 2011 2084 mili—

438 2124 615 2173 tantes
640 2117 740 2172 sub
764 2127 995 2189 tyranno
1025 2119 1106 2174 sui
1136 2127 1309 2185 erant,
1338 2135 1474 2190 quos
1503 2136 1609 2175 non
1638 2120 1882 2190 perdere,
1913 2121 2010 2174 sed

434 2200 663 2262 liberare
704 2207 972 2279 cupiebat.
1020 2210 1257 2265 Consilio
1303 2210 1469 2281 igitur
1510 2210 1731 2265 meliore
1767 2211 2009 2265 habitum

435 2298 599 2354 sumit
633 2314 818 2355 eorum
854 2300 945 2369 qui
979 2300 1118 2370 apud
1140 2309 1428 2372 tyrannum
1451 2310 1635 2367 erant,
1667 2308 1720 2356 et
1740 2300 1920 2370 specie
1950 2300 2011 2354 ﬁt

437 2407 533 2462 per
562 2393 743 2448 omnia
778 2393 972 2450 similis
1007 2393 1110 2459 eis,
1144 2392 1315 2448 donec
1343 2390 1442 2447 sub
1469 2392 1834 2447 dominatione
1858 2391 2010 2460 posi-

437 2491 523 2537 tus
564 2484 772 2555 tyranni
817 2500 911 2541 eos
960 2484 1177 2555 quidem
1216 2484 1308 2555 qui
1341 2484 1389 2539 ei
1432 2484 1712 2553 parebant,
1762 2482 2014 2539 suaderet

437 2576 758 2644 abscedere,
800 2588 852 2636 et
884 2579 949 2634 ad
980 2594 1205 2651 regnum
1248 2578 1549 2649 legitimum
1596 2577 1883 2647 repedare,
1930 2578 2013 2647 ip-

438 2683 556 2723 sum
574 2684 701 2726 vero
717 2670 909 2726 fortem
931 2681 1172 2740 tempore
1191 2678 1495 2741 opportuno
1510 2666 1773 2740 alligaret,
1792 2677 1846 2723 et
1865 2676 2013 2738 pote-

438 2767 606 2814 states
633 2761 749 2830 ejus
787 2775 851 2814 ac
887 2760 1221 2831 principatus
1250 2767 1511 2825 exueret,
1554 2766 1609 2813 et
1638 2758 1877 2813 avulsam
1917 2773 2011 2813 ca-

434 2849 759 2920 ptivitatem,
797 2866 916 2920 qum
953 2851 1021 2906 ab
1068 2866 1133 2907 eo
1166 2853 1471 2918 tenebatur,
1508 2849 1864 2909 abstraheret.
1897 2848 2013 2906 Hoc

437 2953 567 3008 ergo
586 2941 744 2995 modo
761 2942 923 2996 etiam
939 2940 1188 2998 Christus
1208 2943 1483 2998 voluntate
1498 2942 1713 3012 quidem
1728 2942 2012 2996 exinanivit

439 3038 567 3085 tunc
592 3033 939 3101 semetipsum,
967 3041 1016 3086 et
1047 3033 1271 3102 formam
1299 3035 1430 3087 servi
1457 3034 1684 3103 accepit,
1712 3027 2010 3103 pasSusque

438 3128 523 3175 est
574 3121 907 3178 dominatum
954 3125 1200 3195 tyranni,
1245 3126 1415 3194 factus
1458 3125 1697 3180 obediens
1740 3142 1902 3197 usque
1940 3126 2010 3179 ad
2040 3085 2085 3146 Ο

436 3222 657 3267 mortem
680 3210 900 3286 (Philip.
928 3215 1012 3286 ιι),
1037 3232 1132 3287 per
1147 3231 1306 3285 quam
1330 3224 1558 3271 mortem
1583 3217 1847 3272 destruxit
1868 3232 2011 3284 eum,

439 3301 532 3371 qui
566 3302 800 3358 habebat
824 3304 1016 3360 mortis
1044 3305 1360 3376 imperium,
1392 3306 1444 3361 id
1479 3314 1593 3372 est,
1623 3306 1921 3375 diabolum,
1957 3317 2015 3363 ut

439 3392 693 3449 liberaret
723 3410 816 3449 eos
843 3397 933 3465 qui
989 3399 1311 3453 tenebantur
1338 3414 1369 3453 a
1399 3410 1592 3455 morte.
1616 3396 1716 3454 Hic
1738 3401 1879 3459 enim
1903 3400 2015 3455 alli-

439 3494 565 3558 gato
591 3484 750 3553 forte,
773 3497 827 3542 ct
851 3488 904 3541 in
926 3504 1085 3544 cruce
1106 3506 1197 3544 sua
1223 3490 1573 3561 triumphato,
1593 3493 1831 3562 perrexit
1849 3493 2014 3547 etiam

438 3576 496 3630 in
521 3575 739 3630 domum
766 3575 906 3649 ejus,
938 3577 992 3631 in
1025 3579 1241 3634 domum
1279 3582 1500 3647 mortis,
1539 3580 1591 3635 in
1624 3581 1894 3637 infernum
1916 3623 1931 3649 ,
1960 3590 2015 3637 et

442 3666 566 3722 inde
589 3682 711 3722 vasa
751 3666 867 3737 eius
896 3668 1138 3738 diripuit,
1168 3668 1221 3725 id
1250 3679 1353 3739 est,
1389 3670 1598 3725 animas
1629 3688 1762 3743 quas
1801 3673 2015 3727 tenebat

440 3761 734 3829 abstraxit;
759 3771 814 3818 et
832 3763 1292 3829 inde,'Ascendens
1316 3765 1371 3819 in
1386 3764 1572 3832 altum,
1596 3752 1848 3835 captivam
1865 3766 2015 3821 duxit

440 3853 787 3923 captivitatem
815 3851 988 3926 (Psal.
1019 3855 1210 3927 van),
1236 3871 1330 3912 eos
1353 3855 1579 3924 scilicet,
1610 3856 1701 3927 qui
1728 3873 1849 3913 cum
1898 3857 2015 3926 ipso

440 3954 821 4007 surrexerunt,
854 3956 908 4001 et
935 3947 1161 4018 ingressi
1190 3955 1590 4004 suntsanctam
1616 3947 1895 4004 civitatem
1924 3946 2017 4003 Je-

442 4032 676 4088 rusalem
706 4033 999 4090 caelestem.
1021 4036 1174 4092 Unde
1197 4045 1343 4093 recte
1373 4036 1663 4107 Apostolus
1685 4035 1737 4091 in
1759 4036 2014 4107 praesenti

439 4124 558 4181 loco
614 4126 784 4193 dicit,
838 4127 963 4198 quia
1024 4145 1162 4182 mors
1210 4129 1257 4183 ei
1310 4128 1450 4182 ultra
1506 4144 1609 4183 non
1663 4127 2018 4183 dominabitur

439 4217 526 4291 (11
550 4216 696 4272 Rom.
718 4235 791 4285 v1,
810 4217 864 4290 9)
888 4237 901 4285 ;
930 4236 1036 4275 non
1062 4210 1367 4293 enimiultra
1397 4218 1546 4275 dabit
1576 4219 1921 4291 semetipsum
1962 4220 2015 4277 in

444 4294 864 4365 dominationem
912 4312 1159 4381 tyranni,
1194 4327 1367 4381 neque
1402 4312 1597 4366 iterum
1618 4311 1901 4366 exinaniet
1927 4326 2016 4375 se,

2113 1849 2251 1905 cato,
2283 1841 2426 1910 quod
2450 1841 2639 1897 melius
2666 1843 2885 1912 quidem
2909 1842 2964 1903 iri
2986 1844 3177 1903 Graeco
3199 1848 3447 1915 habetur,
3476 1851 3736 1921 cogitate

2114 1947 2201 1986 vos
2238 1942 2470 1988 mortuos
2504 1950 2613 1988 esse
2641 1945 2888 2004 peccata;
2934 1951 3022 1991 res
3065 1937 3242 2009 enim,
3273 1939 3340 1995 de
3368 1957 3474 2011 qua
3516 1958 3732 1999 sermo

2112 2030 2215 2087 est,
2252 2022 2307 2077 in
2345 2023 2669 2095 cogitatione
2697 2027 2871 2099 magis
2917 2039 2973 2083 et
3010 2029 3220 2086 ratione
3259 2033 3532 2100 subsistit,
3570 2036 3728 2105 quin

2112 2112 2419 2184 huiusmodi
2448 2132 2595 2172 mors
2621 2132 2729 2185 non
2768 2119 2826 2174 in
2851 2119 3077 2187 ell’ectu,
3123 2122 3218 2179 sed
3266 2124 3322 2181 in
3367 2125 3727 2197 cogitatione

2112 2203 2357 2260 habenda
2387 2213 2487 2261 est.
2520 2207 2621 2274 Qui
2659 2209 2803 2263 enim
2833 2212 3033 2283 cogitat
3061 2220 3115 2268 et
3141 2213 3417 2271 existimat
3443 2217 3588 2288 apud
3622 2233 3726 2274 se-

2112 2295 2400 2364 metipsum
2416 2306 2689 2353 mortuum
2712 2313 2769 2354 se
2784 2314 2926 2366 esse,
2943 2317 3049 2356 non
3066 2312 3278 2373 peccat.
3303 2303 3464 2361 Verbi
3476 2308 3669 2379 gratia
3692 2326 3715 2369 ;

2113 2386 2158 2443 si
2201 2405 2288 2443 me
2319 2391 2754 2463 concupiscentia
2785 2392 3026 2450 mulieris
3054 2396 3248 2461 trahat,
3281 2397 3328 2451 si
3377 2399 3631 2469 argenti,
3664 2400 3718 2457 si

2114 2480 2252 2546 auri,
2286 2481 2331 2535 si
2375 2481 2560 2552 praedii
2607 2482 2872 2552 cupiditas
2895 2483 3105 2557 pulset,
3147 2494 3203 2541 et
3220 2501 3421 2559 ponam
3446 2489 3501 2545 in
3529 2490 3717 2549 corde

2113 2586 2235 2651 meo
2279 2572 2420 2643 quod
2476 2581 2723 2629 mortuus
2765 2575 2868 2630 sim
2899 2590 3026 2631 cum
3062 2574 3302 2646 Christo,
3343 2577 3489 2639 etde
3520 2591 3715 2641 morte

2112 2667 2362 2736 cogitem,
2410 2668 2771 2741 exstinguitur
2825 2669 3081 2729 continuo
3121 2672 3599 2743 concupiscentia.
3646 2681 3719 2737 et

2112 2761 2380 2834 etiugatur
2420 2773 2724 2833 peccatum.
2756 2764 2864 2823 Aut
2889 2782 2936 2822 sn
2956 2768 3084 2827 odio
3109 2768 3197 2825 vel
3235 2768 3318 2825 ira
3339 2767 3715 2829 inﬂammatus

2112 2856 2180 2915 ad
2228 2838 2416 2915 necem
2468 2860 2707 2919 conciter
2750 2862 2955 2923 inimici
3000 2861 3139 2928 mei,
3164 2864 3213 2920 ὠ
3254 2878 3348 2923 me
3391 2864 3710 2929 existim

2112 2954 2382 3002 mortuum
2410 2962 2531 3004 esse
2567 2964 2688 3013 cum
2740 2949 2978 3017 Christo.
3006 2960 3062 3011 et
3086 2952 3458 3022 ..cogit.ationes
3486 2956 3713 3019 mortis

2113 3052 2309 3107 ponam
2332 3038 2384 3097 in
2413 3041 2597 3103 extimo
2618 3057 2740 3099 meo
2760 3083 2775 3109 ,
2806 3044 3307 3116 exstinguitursiue
3336 3047 3499 3117 dubio
3516 3047 3705 3116 tuear,

2115 3139 2295 3189 cessat
2324 3132 2428 3199 ira,
2468 3133 2652 3191 odium
2680 3135 3053 3207 ,conquiestit.
3099 3146 3327 3209 mata
3376 3155 3483 3197 non
3524 3140 3711 3196 .datnr

2113 3221 2296 3289 locus,
2337 3231 2393 3279 et
2433 3225 2538 3281 hoc
2577 3226 2738 3283 modo
2782 3236 3005 3297 peccato
3038 3228 3171 3300 quis
3208 3230 3349 3287 mori
3384 3230 3704 3298 invenitur.

2112 3318 2169 3383 e_t
2213 3312 2395 3371 vivere
2439 3311 2572 3371 Deo.
2620 3312 2730 3371 Sed
2776 3324 2833 3373 et
2860 3315 2972 3379 hoc
3004 3315 3161 3391 quod
3190 3317 3437 3387 addidit,
3476 3318 3708 3374 vivat.

2112 3400 2226 3459 Deo
2272 3404 2327 3461 in
2375 3402 2586 3467 Christo
2634 3405 2798 3473 Iesu.
2831 3423 2939 3467 nou
2972 3408 3116 3473 mihi
3164 3409 3380 3473 videtur
3408 3411 3647 3477 otiosum
3682 3428 3703 3467 :

2114 3494 2288 3555 simile
2311 3497 2453 3555 enim
2480 3506 2614 3569 puto
2651 3513 2795 3566 esse,
2827 3501 2982 3570 quasi
3023 3500 3272 3568 dixisset.
3292 3502 3546 3565 sitientes
3588 3503 3706 3559 Duo

2114 3588 2171 3644 in
2207 3589 2495 3661 sapientia,
2522 3590 2580 3649 in
2624 3604 2783 3661 pace,
2810 3591 2864 3651 in
2888 3590 3120 3660 iustitia,
3135 3592 3200 3653 in
3238 3591 3704 3658 sanctiﬁcatione.

2114 3694 2235 3751 quae
2276 3681 2457 3739 omnia
2507 3681 2756 3741 Christus
2803 3691 2908 3759 est.
2944 3683 3006 3743 In
3032 3683 3120 3743 his
3144 3699 3293 3755 ergo
3334 3684 3519 3747 vixere
3554 3683 3703 3751 Deo,

2114 3772 2220 3831 hoc
2258 3773 2462 3840 est,.in
2489 3772 2707 3831 Christo
2746 3772 2876 3837 Iesu
2914 3773 3097 3833 vivere
3118 3774 3255 3831 Deo.
3296 3772 3450 3843 Quod
3486 3772 3538 3833 si
3580 3772 3702 3833 sine

2108 3860 2343 3932 iustitia,
2378 3863 2510 3927 sine
2552 3878 2727 3933 pace,
2756 3862 2878 3925 siue
2900 3862 3336 3935 sanctiﬁcatione
3360 3861 3703 3931 ceterisque

2115 3952 2405 4015 virtutibus
2445 3968 2604 4013 nemo
2654 3954 2787 4013 vivit
2839 3954 2970 4023 Deo,
2994 3964 3204 4019 certum
3246 3963 3335 4017 est
3350 3954 3502 4026 quod
3534 3968 3703 4015 nemo

2115 4046 2265 4103 vivat
2288 4047 2403 4107 Deo
2420 4048 2534 4113 nisi
2562 4047 2621 4105 in
2645 4047 2865 4113 Christo
2880 4046 3032 4109 issu.
3072 4047 3300 4122 (Δηιὼν.)
3322 4048 3693 4120 Sicloquitur.

2115 4148 2177 4209 u_t
2228 4140 2418 4203 doceat
2458 4155 2578 4201 non
2624 4141 2783 4199 aliter
2828 4141 2972 4199 mori
3000 4149 3465 4214 possetpoccato,
3508 4140 3696 4198 etnec

2115 4233 2327 4301 vivere,
2365 4249 2528 4305 quam
2557 4234 2710 4293 utin
2745 4233 2965 4293 Christo
3002 4235 3078 4293 sit
3120 4235 3300 4303 annis
3340 4248 3468 4305 spes
3492 4252 3509 4289 ε
3537 4247 3691 4304 quem

2118 4324 2403 4405 Dominum
2432 4334 2678 4389 nostrum
2702 4327 2956 4400 Appellat,
2974 4328 3193 4389 mmihi!
3212 4327 3355 4400 locis
3368 4328 3442 4387 tul
3460 4326 3689 4387 aulum

447 4408 508 4453 nt
542 4398 769 4454 formam
797 4401 938 4456 servi
987 4402 1217 4489 accipiat
1255 4411 1305 4457 et
1336 4402 1431 4456 ﬁat
1454 4401 1710 4457 obediens
1742 4417 1909 4473 usque
1946 4404 2013 4459 ad
2042 4438 2095 4497 Β
2118 4398 2366 4487 proﬁciat
2386 4398 2855 4490 manu
2893 4398 3316 4485 tutulum
3338 4417 3691 4490 qua.

446 4499 675 4545 mortem
702 4530 715 4557 ,
762 4507 830 4546 ne
861 4508 1075 4547 rursum
1124 4494 1175 4547 in
1228 4491 1398 4547 forma
1442 4493 1617 4559 servi,
1646 4494 1892 4563 quamvis
1920 4510 2013 4548 vo-
2046 4491 2086 4497 ”
2118 4507 2276 4568 amel-
2296 4508 2409 4566 υοο
2433 4509 2650 4575 vivum,
2676 4523 2836 4581 quam
2864 4508 3309 4580 pel-mw“
3642 4550 3651 4559 ,
3684 4540 3689 4547 .

441 4577 651 4636 luntate
696 4589 752 4637 et
794 4598 899 4638 non
942 4581 1263 4637 necessitate
1298 4580 1538 4653 positus,
1597 4581 2015 4655 dominationem

453 4702 3669 4741 M—ﬂ—m

1472 4778 2662 4956 LIBEWTUS.

844 4979 1213 5049 SEQUITUR
1243 4979 1469 5037 CAPUT
1507 4978 1595 5039 Vl.

517 5073 642 5130 Non
678 5088 800 5144 ergo
834 5081 1017 5144 regnet
1054 5080 1326 5142 peccatum
1361 5072 1419 5126 in
1446 5080 1615 5127 υεειω
1659 5070 1868 5129 mortali
1909 5087 2026 5129 oor-

444 5178 591 5235 pore,
622 5172 679 5218 ut
712 5162 973 5223 audiatis
1010 5162 1446 5232 toncupiscentiis
1488 5161 1627 5231 ejus.
1656 5158 1874 5233 .(Greg.)
1904 5159 2023 5220 Non

444 5252 611 5319 alim,
635 5254 731 5321 ait,
762 5270 881 5316 mon
926 5256 1019 5323 sit,
1050 5253 1161 5315 .sed
1206 5271 1317 5311 non
1362 5262 1554 5324 regnet,
1580 5254 1712 5323 quia
1750 5266 1863 5313 non
1902 5269 2021 5312 esse

445 5359 556 5404 non
582 5351 778 5416 potest,
794 5361 908 5406 non
935 5353 1117 5407 autem
1146 5358 1373 5413 regnant:
1394 5344 1450 5399 in
1474 5342 1730 5402 countibus
1754 5343 2017 5401 bonorum

443 5445 641 5512 potest.
663 5437 797 5506 Quia
821 5454 951 5511 ergo
968 5437 1233 5508 quaelibet
1250 5436 1412 5506 culpa
1435 5450 1531 5492 cor
1554 5437 1798 5506 iniquum
1839 5436 2021 5507 pulsa-

446 5530 588 5590 !erit
639 5530 898 5589 resistens
950 5526 1081 5585 illud
1126 5543 1230 5587 non
1261 5527 1491 5593 invenit,
1516 5527 1615 5584 sed
1640 5543 1738 5583 suo
1781 5528 2023 5586 dominio

445 5620 761 5679 adisternia.
818 5616 1047 5690 (Λαιόν.)
1101 5616 1322 5673 Mortale
1374 5632 1574 5688 corpus
1606 5628 1697 5677 est
1736 5636 1805 5675 ex
1853 5636 2017 5677 causa

445 5709 904 5775 praevaricationis
950 5708 1111 5777 Adaa,
1136 5724 1216 5765 [ex
1258 5707 1373 5767 ﬁde
1427 5715 1607 5771 autem
1660 5708 1861 5768 Christi
1906 5714 2021 5768 fore

2127 4982 2368 5043 cndita»
2414 4980 2746 5037 immortale.
2800 4980 2878 5038 Ut
2921 4989 3106 5037 autem
3151 4983 3224 5038 ad
3282 4978 3693 5052 pronum

2125 5072 2270 5131 hanc
2302 5070 2575 5135 veniatur,
2622 5085 2731 5125 non
2774 5070 3133 5127 obedientium
3165 5070 3299 5126 dicit
3346 5076 3597 5141 peccato,
3625 5072 3697 5119 ne

2122 5170 2311 5235 regnet
2336 5162 2392 5217 in
2418 5168 2609 5227 nostro
2624 5160 2837 5215 mortali
2852 5173 3085 5231 corpore
3102 5176 3124 5214 τ
3146 5157 3698 5229 regnateuwm‘dum

2122 5252 2374 5324 inperat.
2390 5252 2461 5307 [Si
2480 5259 2667 5306 autem
2694 5266 2804 5308 non
2822 5260 3040 5322 «gnat,
3056 5266 3175 5307 :nou
3208 5250 3700 5317 videbitur-equ

2122 5344 2228 5400 hoc
2270 5359 2389 5399 esse
2429 5343 2911 5412 mortale,-quia'iu
2947 5356 3044 5413 spe
3090 5343 3413 5400 aeternitatis
3438 5338 3699 5396 est.~Nou

2122 5443 2342 5506 propter
2358 5435 2767 5489 dissolutionem
2795 5434 2932 5489 dixit
2956 5434 3182 5490 mortale
3210 5446 3429 5504 corpus,
3454 5432 3701 5501 sed”

2122 5535 2247 5598 pter
2263 5539 2481 5595 pmnam
2495 5526 2779 5594 gehennae,
2797 5524 2969 5580 ntille
2999 5523 3495 5584 mor-Medicam,
3521 5520 3621 5588 qui
3636 5519 3701 5573 tu

2123 5620 2423 5690 gehennam
2454 5616 2743 5672 mittendus
2768 5626 2874 5680 est,
2896 5615 3027 5684 quia
3054 5614 3145 5683 qui
3168 5620 3395 5682 peccato
3419 5608 3702 5669 Muta

2127 5721 2356 5767 mortem
2374 5711 2665 5766 secundam
2685 5708 2887 5765 interni
2910 5723 3018 5763 non
3038 5704 3293 5771 evadunt,
3316 5714 3478 5773 atqu
3505 5698 3701 5757 Siu-
