  <div class='ocr_page' id='page_1' title='image "/cluster/home/n/w/nwhite01/storage/ocr_20150623/111/hvd.32044009716333/706.png"; bbox 0 0 4056 6336; ppageno 0'>
   <div class='ocr_carea' id='block_1_1' title="bbox 322 390 457 443">
    <p class='ocr_par' dir='ltr' id='par_1_1' title="bbox 322 390 457 443">
     <span class='ocr_line' id='line_1_1' title="bbox 322 390 457 443; baseline 0.015 -3"><span class='ocrx_word' id='word_1_1' title='bbox 322 390 457 443; x_wconf 72' lang='grc'><strong>1597</strong></span> 
     </span>
    </p>
   </div>
   <div class='ocr_carea' id='block_1_2' title="bbox 850 374 3063 443">
    <p class='ocr_par' dir='ltr' id='par_1_2' title="bbox 850 374 3063 443">
     <span class='ocr_line' id='line_1_2' title="bbox 850 374 3063 443; baseline -0.009 0"><span class='ocrx_word' id='word_1_2' title='bbox 850 382 1399 443; x_wconf 77' lang='lat' dir='ltr'><strong>ENARRATIONUM</strong></span> <span class='ocrx_word' id='word_1_3' title='bbox 1435 382 1501 438; x_wconf 88' lang='lat' dir='ltr'><strong>IN</strong></span> <span class='ocrx_word' id='word_1_4' title='bbox 1538 382 1684 439; x_wconf 84' lang='lat' dir='ltr'><strong>EPP.</strong></span> <span class='ocrx_word' id='word_1_5' title='bbox 1729 379 1934 437; x_wconf 82' lang='lat' dir='ltr'><strong>PAULI</strong></span> <span class='ocrx_word' id='word_1_6' title='bbox 1964 381 2091 436; x_wconf 89' lang='lat' dir='ltr'><strong>LIB.</strong></span> <span class='ocrx_word' id='word_1_7' title='bbox 2132 379 2220 435; x_wconf 87' lang='lat' dir='ltr'><strong>IV.</strong></span> <span class='ocrx_word' id='word_1_8' title='bbox 2256 409 2326 419; x_wconf 90' lang='lat'><strong>—</strong></span> <span class='ocrx_word' id='word_1_9' title='bbox 2362 378 2427 433; x_wconf 85' lang='grc' dir='ltr'>ΙΝ</span> <span class='ocrx_word' id='word_1_10' title='bbox 2465 377 2683 433; x_wconf 83' lang='lat' dir='ltr'><strong>EPIST.</strong></span> <span class='ocrx_word' id='word_1_11' title='bbox 2723 376 2815 431; x_wconf 85' lang='lat' dir='ltr'><strong>AD</strong></span> <span class='ocrx_word' id='word_1_12' title='bbox 2855 374 3021 430; x_wconf 82' lang='lat' dir='ltr'><strong>ROM.</strong></span> <span class='ocrx_word' id='word_1_13' title='bbox 3054 414 3063 421; x_wconf 92' lang='lat'><strong>.</strong></span> 
     </span>
    </p>
   </div>
   <div class='ocr_carea' id='block_1_3' title="bbox 3442 369 3579 423">
    <p class='ocr_par' dir='ltr' id='par_1_3' title="bbox 3442 369 3579 423">
     <span class='ocr_line' id='line_1_3' title="bbox 3442 369 3579 423; baseline 0.007 -1"><span class='ocrx_word' id='word_1_14' title='bbox 3442 369 3579 423; x_wconf 75' lang='grc'><strong>1598</strong></span> 
     </span>
    </p>
   </div>
   <div class='ocr_carea' id='block_1_4' title="bbox 314 485 3584 574">
    <p class='ocr_par' dir='ltr' id='par_1_4' title="bbox 314 485 3584 574">
     <span class='ocr_line' id='line_1_4' title="bbox 314 485 3584 574; baseline -0.005 -16"><span class='ocrx_word' id='word_1_15' title='bbox 314 512 406 559; x_wconf 90' lang='lat' dir='ltr'><strong>tor</strong></span> <span class='ocrx_word' id='word_1_16' title='bbox 430 505 484 559; x_wconf 90' lang='lat' dir='ltr'><strong>in</strong></span> <span class='ocrx_word' id='word_1_17' title='bbox 507 510 867 565; x_wconf 86' lang='lat' dir='ltr'><strong>secredentes</strong></span> <span class='ocrx_word' id='word_1_18' title='bbox 888 505 1158 561; x_wconf 78' lang='lat' dir='ltr'><strong>liberavit.</strong></span> <span class='ocrx_word' id='word_1_19' title='bbox 1190 503 1412 561; x_wconf 76' lang='lat' dir='ltr'><strong>Mortale</strong></span> <span class='ocrx_word' id='word_1_20' title='bbox 1430 518 1560 574; x_wconf 85' lang='lat' dir='ltr'><strong>ergo</strong></span> <span class='ocrx_word' id='word_1_21' title='bbox 1579 501 1764 557; x_wconf 90' lang='lat' dir='ltr'><strong>dicens</strong></span> <span class='ocrx_word' id='word_1_22' title='bbox 1786 514 1901 555; x_wconf 91' lang='lat' dir='ltr'><strong>cor-</strong></span> <span class='ocrx_word' id='word_1_23' title='bbox 1929 502 1982 562; x_wconf 82' lang='grc' dir='ltr'><strong>Α</strong></span> <span class='ocrx_word' id='word_1_24' title='bbox 2007 497 2115 553; x_wconf 92' lang='lat' dir='ltr'><strong>noli</strong></span> <span class='ocrx_word' id='word_1_25' title='bbox 2170 498 2299 552; x_wconf 88' lang='lat' dir='ltr'><strong>dare</strong></span> <span class='ocrx_word' id='word_1_26' title='bbox 2344 511 2564 552; x_wconf 89' lang='lat' dir='ltr'><strong>manum</strong></span> <span class='ocrx_word' id='word_1_27' title='bbox 2611 503 2703 549; x_wconf 87' lang='lat' dir='ltr'><strong>aut</strong></span> <span class='ocrx_word' id='word_1_28' title='bbox 2739 494 2929 564; x_wconf 85' lang='lat' dir='ltr'><strong>pedem</strong></span> <span class='ocrx_word' id='word_1_29' title='bbox 2976 491 3042 545; x_wconf 91' lang='lat' dir='ltr'><strong>ad</strong></span> <span class='ocrx_word' id='word_1_30' title='bbox 3095 488 3414 544; x_wconf 75' lang='lat' dir='ltr'><strong>feriendum.</strong></span> <span class='ocrx_word' id='word_1_31' title='bbox 3464 485 3584 543; x_wconf 87' lang='lat' dir='ltr'><strong>Non</strong></span> 
     </span>
    </p>
   </div>
   <div class='ocr_carea' id='block_1_5' title="bbox 315 592 1902 668">
    <p class='ocr_par' dir='ltr' id='par_1_5' title="bbox 315 592 1902 668">
     <span class='ocr_line' id='line_1_5' title="bbox 315 592 1902 668; baseline -0.008 -12"><span class='ocrx_word' id='word_1_32' title='bbox 315 610 438 668; x_wconf 80' lang='lat' dir='ltr'><strong>pus,</strong></span> <span class='ocrx_word' id='word_1_33' title='bbox 460 602 637 653; x_wconf 82' lang='lat' dir='ltr'><strong>totum</strong></span> <span class='ocrx_word' id='word_1_34' title='bbox 680 598 955 653; x_wconf 85' lang='lat' dir='ltr'><strong>hominem</strong></span> <span class='ocrx_word' id='word_1_35' title='bbox 982 594 1325 667; x_wconf 85' lang='lat' dir='ltr'><strong>signiﬁcavit,</strong></span> <span class='ocrx_word' id='word_1_36' title='bbox 1364 595 1490 664; x_wconf 87' lang='lat' dir='ltr'><strong>quia</strong></span> <span class='ocrx_word' id='word_1_37' title='bbox 1521 593 1615 663; x_wconf 86' lang='lat' dir='ltr'><strong>qui</strong></span> <span class='ocrx_word' id='word_1_38' title='bbox 1644 592 1902 648; x_wconf 90' lang='lat' dir='ltr'><strong>obediunt</strong></span> 
     </span>
    </p>
   </div>
   <div class='ocr_carea' id='block_1_6' title="bbox 316 681 1901 762">
    <p class='ocr_par' dir='ltr' id='par_1_6' title="bbox 316 681 1901 762">
     <span class='ocr_line' id='line_1_6' title="bbox 316 681 1901 762; baseline -0.009 -13"><span class='ocrx_word' id='word_1_39' title='bbox 316 697 562 762; x_wconf 83' lang='lat' dir='ltr'><strong>peccato,</strong></span> <span class='ocrx_word' id='word_1_40' title='bbox 578 690 833 747; x_wconf 75' lang='lat' dir='ltr'><strong>mortales</strong></span> <span class='ocrx_word' id='word_1_41' title='bbox 853 690 1106 745; x_wconf 85' lang='lat' dir='ltr'><strong>dicuntur</strong></span> <span class='ocrx_word' id='word_1_42' title='bbox 1129 706 1142 742; x_wconf 92' lang='lat'><strong>:</strong></span> <span class='ocrx_word' id='word_1_43' title='bbox 1168 687 1357 742; x_wconf 84' lang='lat' dir='ltr'><strong>Anima</strong></span> <span class='ocrx_word' id='word_1_44' title='bbox 1379 686 1536 752; x_wconf 86' lang='lat' dir='ltr'><strong>enim,</strong></span> <span class='ocrx_word' id='word_1_45' title='bbox 1560 681 1754 754; x_wconf 90' lang='lat' dir='ltr'><strong>inquit,</strong></span> <span class='ocrx_word' id='word_1_46' title='bbox 1785 696 1901 753; x_wconf 73' lang='lat' dir='ltr'><strong>qua:</strong></span> 
     </span>
    </p>
   </div>
   <div class='ocr_carea' id='block_1_7' title="bbox 316 772 1902 855">
    <p class='ocr_par' dir='ltr' id='par_1_7' title="bbox 316 772 1902 855">
     <span class='ocr_line' id='line_1_7' title="bbox 316 772 1902 855; baseline -0.009 -16"><span class='ocrx_word' id='word_1_47' title='bbox 316 772 625 854; x_wconf 70' lang='lat' dir='ltr'><strong>peccaverit,</strong></span> <span class='ocrx_word' id='word_1_48' title='bbox 653 783 767 855; x_wconf 78' lang='lat' dir='ltr'><strong>ipsa</strong></span> <span class='ocrx_word' id='word_1_49' title='bbox 795 782 1047 837; x_wconf 78' lang='lat' dir='ltr'><strong>morietur</strong></span> <span class='ocrx_word' id='word_1_50' title='bbox 1071 778 1287 851; x_wconf 83' lang='lat' dir='ltr'><strong>(Ezech.</strong></span> <span class='ocrx_word' id='word_1_51' title='bbox 1316 775 1498 848; x_wconf 79' lang='lat' dir='ltr'><strong>xvm),</strong></span> <span class='ocrx_word' id='word_1_52' title='bbox 1530 776 1583 831; x_wconf 90' lang='lat' dir='ltr'><strong>id</strong></span> <span class='ocrx_word' id='word_1_53' title='bbox 1623 780 1727 839; x_wconf 89' lang='lat' dir='ltr'><strong>est,</strong></span> <span class='ocrx_word' id='word_1_54' title='bbox 1760 779 1902 828; x_wconf 89' lang='lat' dir='ltr'><strong>totus</strong></span> 
     </span>
    </p>
   </div>
   <div class='ocr_carea' id='block_1_8' title="bbox 314 860 1901 939">
    <p class='ocr_par' dir='ltr' id='par_1_8' title="bbox 314 860 1901 939">
     <span class='ocr_line' id='line_1_8' title="bbox 314 860 1901 939; baseline -0.011 -9"><span class='ocrx_word' id='word_1_55' title='bbox 314 876 502 930; x_wconf 76' lang='lat' dir='ltr'><strong>homo.</strong></span> <span class='ocrx_word' id='word_1_56' title='bbox 534 873 702 930; x_wconf 82' lang='lat' dir='ltr'><strong>Nemo</strong></span> <span class='ocrx_word' id='word_1_57' title='bbox 726 873 869 928; x_wconf 90' lang='lat' dir='ltr'><strong>enim</strong></span> <span class='ocrx_word' id='word_1_58' title='bbox 899 871 1018 927; x_wconf 83' lang='lat' dir='ltr'><strong>sine</strong></span> <span class='ocrx_word' id='word_1_59' title='bbox 1046 883 1269 939; x_wconf 88' lang='lat' dir='ltr'><strong>corpore</strong></span> <span class='ocrx_word' id='word_1_60' title='bbox 1298 866 1648 938; x_wconf 90' lang='lat' dir='ltr'><strong>iudicabitur.</strong></span> <span class='ocrx_word' id='word_1_61' title='bbox 1682 860 1901 934; x_wconf 74' lang='grc' dir='ltr'><strong>(Θήρ.)</strong></span> 
     </span>
    </p>
   </div>
   <div class='ocr_carea' id='block_1_9' title="bbox 312 959 1904 1033">
    <p class='ocr_par' dir='ltr' id='par_1_9' title="bbox 312 959 1904 1033">
     <span class='ocr_line' id='line_1_9' title="bbox 312 959 1904 1033; baseline -0.008 -13"><span class='ocrx_word' id='word_1_62' title='bbox 312 964 453 1021; x_wconf 68' lang='lat' dir='ltr'><strong>illud</strong></span> <span class='ocrx_word' id='word_1_63' title='bbox 476 974 657 1027; x_wconf 72' lang='lat' dir='ltr'><strong>tamen</strong></span> <span class='ocrx_word' id='word_1_64' title='bbox 691 964 929 1027; x_wconf 82' lang='lat' dir='ltr'><strong>adverte,</strong></span> <span class='ocrx_word' id='word_1_65' title='bbox 960 963 1103 1033; x_wconf 91' lang='lat' dir='ltr'><strong>quod</strong></span> <span class='ocrx_word' id='word_1_66' title='bbox 1126 963 1415 1017; x_wconf 89' lang='lat' dir='ltr'><strong>ostendens</strong></span> <span class='ocrx_word' id='word_1_67' title='bbox 1435 959 1494 1014; x_wconf 91' lang='lat' dir='ltr'><strong>in</strong></span> <span class='ocrx_word' id='word_1_68' title='bbox 1519 965 1704 1013; x_wconf 89' lang='lat' dir='ltr'><strong>nostra</strong></span> <span class='ocrx_word' id='word_1_69' title='bbox 1724 962 1904 1026; x_wconf 87' lang='lat' dir='ltr'><strong>potes—</strong></span> 
     </span>
    </p>
   </div>
   <div class='ocr_carea' id='block_1_10' title="bbox 321 1046 1905 1126">
    <p class='ocr_par' dir='ltr' id='par_1_10' title="bbox 321 1046 1905 1126">
     <span class='ocr_line' id='line_1_10' title="bbox 321 1046 1905 1126; baseline -0.006 -16"><span class='ocrx_word' id='word_1_70' title='bbox 321 1063 437 1111; x_wconf 78' lang='lat' dir='ltr'><strong>tate</strong></span> <span class='ocrx_word' id='word_1_71' title='bbox 450 1055 706 1126; x_wconf 85' lang='lat' dir='ltr'><strong>positum,</strong></span> <span class='ocrx_word' id='word_1_72' title='bbox 730 1062 788 1109; x_wconf 87' lang='lat' dir='ltr'><strong>ut</strong></span> <span class='ocrx_word' id='word_1_73' title='bbox 810 1069 921 1108; x_wconf 89' lang='lat' dir='ltr'><strong>non</strong></span> <span class='ocrx_word' id='word_1_74' title='bbox 941 1059 1131 1121; x_wconf 79' lang='lat' dir='ltr'><strong>regnet</strong></span> <span class='ocrx_word' id='word_1_75' title='bbox 1154 1051 1209 1106; x_wconf 90' lang='lat' dir='ltr'><strong>in</strong></span> <span class='ocrx_word' id='word_1_76' title='bbox 1232 1058 1418 1106; x_wconf 91' lang='lat' dir='ltr'><strong>nostro</strong></span> <span class='ocrx_word' id='word_1_77' title='bbox 1440 1046 1652 1105; x_wconf 83' lang='lat' dir='ltr'><strong>mortali</strong></span> <span class='ocrx_word' id='word_1_78' title='bbox 1678 1060 1905 1115; x_wconf 88' lang='lat' dir='ltr'><strong>corpore</strong></span> 
     </span>
    </p>
   </div>
   <div class='ocr_carea' id='block_1_11' title="bbox 316 1136 1906 1221">
    <p class='ocr_par' dir='ltr' id='par_1_11' title="bbox 316 1136 1906 1221">
     <span class='ocr_line' id='line_1_11' title="bbox 316 1136 1906 1221; baseline -0.008 -19"><span class='ocrx_word' id='word_1_79' title='bbox 316 1153 633 1217; x_wconf 86' lang='lat' dir='ltr'><strong>peccatum,</strong></span> <span class='ocrx_word' id='word_1_80' title='bbox 679 1153 1008 1221; x_wconf 61' lang='lat' dir='ltr'><strong>praeceptum</strong></span> <span class='ocrx_word' id='word_1_81' title='bbox 1046 1144 1141 1198; x_wconf 91' lang='lat' dir='ltr'><strong>dat</strong></span> <span class='ocrx_word' id='word_1_82' title='bbox 1172 1141 1459 1213; x_wconf 81' lang='lat' dir='ltr'><strong>Apostolus</strong></span> <span class='ocrx_word' id='word_1_83' title='bbox 1498 1140 1685 1195; x_wconf 90' lang='lat' dir='ltr'><strong>dicens</strong></span> <span class='ocrx_word' id='word_1_84' title='bbox 1722 1156 1734 1192; x_wconf 94' lang='lat'>:</span> <span class='ocrx_word' id='word_1_85' title='bbox 1781 1136 1906 1191; x_wconf 88' lang='lat' dir='ltr'><strong>Non</strong></span> 
     </span>
    </p>
   </div>
   <div class='ocr_carea' id='block_1_12' title="bbox 318 1228 1905 1308">
    <p class='ocr_par' dir='ltr' id='par_1_12' title="bbox 318 1228 1905 1308">
     <span class='ocr_line' id='line_1_12' title="bbox 318 1228 1905 1308; baseline -0.006 -17"><span class='ocrx_word' id='word_1_86' title='bbox 318 1252 441 1307; x_wconf 73' lang='lat' dir='ltr'><strong>ergo</strong></span> <span class='ocrx_word' id='word_1_87' title='bbox 480 1246 654 1308; x_wconf 79' lang='lat' dir='ltr'><strong>regnet</strong></span> <span class='ocrx_word' id='word_1_88' title='bbox 694 1244 963 1308; x_wconf 80' lang='lat' dir='ltr'><strong>peccatum</strong></span> <span class='ocrx_word' id='word_1_89' title='bbox 1008 1237 1064 1291; x_wconf 87' lang='lat' dir='ltr'><strong>in</strong></span> <span class='ocrx_word' id='word_1_90' title='bbox 1113 1242 1277 1289; x_wconf 82' lang='lat' dir='ltr'><strong>vestro</strong></span> <span class='ocrx_word' id='word_1_91' title='bbox 1309 1231 1521 1287; x_wconf 76' lang='lat' dir='ltr'><strong>mortali</strong></span> <span class='ocrx_word' id='word_1_92' title='bbox 1566 1246 1811 1301; x_wconf 87' lang='lat' dir='ltr'><strong>corpore,</strong></span> <span class='ocrx_word' id='word_1_93' title='bbox 1837 1228 1905 1281; x_wconf 87' lang='lat' dir='ltr'><strong>ad</strong></span> 
     </span>
    </p>
   </div>
   <div class='ocr_carea' id='block_1_13' title="bbox 321 1322 1906 1393">
    <p class='ocr_par' dir='ltr' id='par_1_13' title="bbox 321 1322 1906 1393">
     <span class='ocr_line' id='line_1_13' title="bbox 321 1322 1906 1393; baseline -0.006 -11"><span class='ocrx_word' id='word_1_94' title='bbox 321 1327 660 1382; x_wconf 74' lang='lat' dir='ltr'><strong>obedientium</strong></span> <span class='ocrx_word' id='word_1_95' title='bbox 685 1327 956 1381; x_wconf 70' lang='lat' dir='ltr'><strong>desideriis</strong></span> <span class='ocrx_word' id='word_1_96' title='bbox 984 1326 1134 1393; x_wconf 85' lang='lat' dir='ltr'><strong>eius;</strong></span> <span class='ocrx_word' id='word_1_97' title='bbox 1164 1324 1266 1379; x_wconf 88' lang='lat' dir='ltr'><strong>nisi</strong></span> <span class='ocrx_word' id='word_1_98' title='bbox 1292 1324 1435 1378; x_wconf 89' lang='lat' dir='ltr'><strong>enim</strong></span> <span class='ocrx_word' id='word_1_99' title='bbox 1462 1329 1610 1377; x_wconf 82' lang='lat' dir='ltr'><strong>esset</strong></span> <span class='ocrx_word' id='word_1_100' title='bbox 1631 1322 1685 1375; x_wconf 90' lang='lat' dir='ltr'><strong>in</strong></span> <span class='ocrx_word' id='word_1_101' title='bbox 1722 1327 1906 1375; x_wconf 90' lang='lat' dir='ltr'><strong>nostra</strong></span> 
     </span>
    </p>
   </div>
   <div class='ocr_carea' id='block_1_14' title="bbox 316 1414 1907 1488">
    <p class='ocr_par' dir='ltr' id='par_1_14' title="bbox 316 1414 1907 1488">
     <span class='ocr_line' id='line_1_14' title="bbox 316 1414 1907 1488; baseline -0.007 -15"><span class='ocrx_word' id='word_1_102' title='bbox 316 1425 591 1488; x_wconf 73' lang='lat' dir='ltr'><strong>potestate</strong></span> <span class='ocrx_word' id='word_1_103' title='bbox 622 1426 683 1472; x_wconf 92' lang='lat' dir='ltr'><strong>ut</strong></span> <span class='ocrx_word' id='word_1_104' title='bbox 710 1432 816 1472; x_wconf 89' lang='lat' dir='ltr'><strong>non</strong></span> <span class='ocrx_word' id='word_1_105' title='bbox 845 1422 1098 1487; x_wconf 77' lang='lat' dir='ltr'><strong>regnaret</strong></span> <span class='ocrx_word' id='word_1_106' title='bbox 1138 1414 1194 1469; x_wconf 92' lang='lat' dir='ltr'><strong>in</strong></span> <span class='ocrx_word' id='word_1_107' title='bbox 1240 1414 1396 1469; x_wconf 90' lang='lat' dir='ltr'><strong>nobis</strong></span> <span class='ocrx_word' id='word_1_108' title='bbox 1436 1421 1739 1485; x_wconf 88' lang='lat' dir='ltr'><strong>peccatum,</strong></span> <span class='ocrx_word' id='word_1_109' title='bbox 1770 1424 1907 1481; x_wconf 83' lang='lat' dir='ltr'><strong>prae-</strong></span> 
     </span>
    </p>
   </div>
   <div class='ocr_carea' id='block_1_15' title="bbox 321 1500 1909 1580">
    <p class='ocr_par' dir='ltr' id='par_1_15' title="bbox 321 1500 1909 1580">
     <span class='ocr_line' id='line_1_15' title="bbox 321 1500 1909 1580; baseline -0.006 -16"><span class='ocrx_word' id='word_1_110' title='bbox 321 1519 537 1580; x_wconf 83' lang='lat' dir='ltr'><strong>ceptum</strong></span> <span class='ocrx_word' id='word_1_111' title='bbox 562 1507 752 1578; x_wconf 82' lang='lat' dir='ltr'><strong>utique</strong></span> <span class='ocrx_word' id='word_1_112' title='bbox 792 1523 900 1562; x_wconf 90' lang='lat' dir='ltr'><strong>non</strong></span> <span class='ocrx_word' id='word_1_113' title='bbox 940 1506 1197 1562; x_wconf 80' lang='lat' dir='ltr'><strong>dedisset.</strong></span> <span class='ocrx_word' id='word_1_114' title='bbox 1246 1502 1526 1571; x_wconf 82' lang='lat' dir='ltr'><strong>Quomodo</strong></span> <span class='ocrx_word' id='word_1_115' title='bbox 1578 1516 1707 1572; x_wconf 81' lang='lat' dir='ltr'><strong>ergo</strong></span> <span class='ocrx_word' id='word_1_116' title='bbox 1734 1500 1909 1570; x_wconf 89' lang='lat' dir='ltr'><strong>possi-</strong></span> 
     </span>
    </p>
   </div>
   <div class='ocr_carea' id='block_1_16' title="bbox 321 1590 1908 1671">
    <p class='ocr_par' dir='ltr' id='par_1_16' title="bbox 321 1590 1908 1671">
     <span class='ocr_line' id='line_1_16' title="bbox 321 1590 1908 1671; baseline -0.006 -16"><span class='ocrx_word' id='word_1_117' title='bbox 321 1601 429 1656; x_wconf 90' lang='lat' dir='ltr'><strong>bile</strong></span> <span class='ocrx_word' id='word_1_118' title='bbox 452 1609 556 1667; x_wconf 88' lang='lat' dir='ltr'><strong>est,</strong></span> <span class='ocrx_word' id='word_1_119' title='bbox 579 1607 641 1655; x_wconf 88' lang='lat' dir='ltr'><strong>ut</strong></span> <span class='ocrx_word' id='word_1_120' title='bbox 660 1608 942 1671; x_wconf 87' lang='lat' dir='ltr'><strong>peccatum</strong></span> <span class='ocrx_word' id='word_1_121' title='bbox 964 1599 1020 1653; x_wconf 89' lang='lat' dir='ltr'><strong>in</strong></span> <span class='ocrx_word' id='word_1_122' title='bbox 1051 1612 1221 1665; x_wconf 84' lang='lat' dir='ltr'><strong>carne</strong></span> <span class='ocrx_word' id='word_1_123' title='bbox 1240 1603 1427 1651; x_wconf 86' lang='lat' dir='ltr'><strong>nostra</strong></span> <span class='ocrx_word' id='word_1_124' title='bbox 1459 1609 1564 1649; x_wconf 91' lang='lat' dir='ltr'><strong>non</strong></span> <span class='ocrx_word' id='word_1_125' title='bbox 1592 1592 1820 1662; x_wconf 79' lang='lat' dir='ltr'><strong>regnet?</strong></span> <span class='ocrx_word' id='word_1_126' title='bbox 1848 1590 1908 1645; x_wconf 87' lang='lat' dir='ltr'><strong>Si</strong></span> 
     </span>
    </p>
   </div>
   <div class='ocr_carea' id='block_1_17' title="bbox 320 1684 1909 1761">
    <p class='ocr_par' dir='ltr' id='par_1_17' title="bbox 320 1684 1909 1761">
     <span class='ocr_line' id='line_1_17' title="bbox 320 1684 1909 1761; baseline -0.005 -14"><span class='ocrx_word' id='word_1_127' title='bbox 320 1692 582 1749; x_wconf 73' lang='lat' dir='ltr'><strong>faciamus</strong></span> <span class='ocrx_word' id='word_1_128' title='bbox 606 1691 734 1747; x_wconf 90' lang='lat' dir='ltr'><strong>illud</strong></span> <span class='ocrx_word' id='word_1_129' title='bbox 757 1692 900 1761; x_wconf 89' lang='lat' dir='ltr'><strong>quod</strong></span> <span class='ocrx_word' id='word_1_130' title='bbox 923 1691 1063 1746; x_wconf 90' lang='lat' dir='ltr'><strong>idem</strong></span> <span class='ocrx_word' id='word_1_131' title='bbox 1084 1689 1373 1761; x_wconf 81' lang='lat' dir='ltr'><strong>Apostolus</strong></span> <span class='ocrx_word' id='word_1_132' title='bbox 1395 1688 1525 1751; x_wconf 84' lang='lat' dir='ltr'><strong>dicit</strong></span> <span class='ocrx_word' id='word_1_133' title='bbox 1551 1684 1909 1753; x_wconf 76' lang='lat' dir='ltr'><strong>:Mortiﬁcate</strong></span> 
     </span>
    </p>
   </div>
   <div class='ocr_carea' id='block_1_18' title="bbox 322 1773 1906 1854">
    <p class='ocr_par' dir='ltr' id='par_1_18' title="bbox 322 1773 1906 1854">
     <span class='ocr_line' id='line_1_18' title="bbox 322 1773 1906 1854; baseline -0.006 -16"><span class='ocrx_word' id='word_1_134' title='bbox 322 1784 553 1839; x_wconf 84' lang='lat' dir='ltr'><strong>membra</strong></span> <span class='ocrx_word' id='word_1_135' title='bbox 586 1792 775 1849; x_wconf 84' lang='lat' dir='ltr'><strong>vestra,</strong></span> <span class='ocrx_word' id='word_1_136' title='bbox 807 1800 924 1854; x_wconf 71' lang='lat' dir='ltr'><strong>qum</strong></span> <span class='ocrx_word' id='word_1_137' title='bbox 967 1792 1087 1836; x_wconf 86' lang='lat' dir='ltr'><strong>sunt</strong></span> <span class='ocrx_word' id='word_1_138' title='bbox 1119 1797 1276 1851; x_wconf 85' lang='lat' dir='ltr'><strong>super</strong></span> <span class='ocrx_word' id='word_1_139' title='bbox 1324 1789 1515 1834; x_wconf 84' lang='lat' dir='ltr'><strong>terram</strong></span> <span class='ocrx_word' id='word_1_140' title='bbox 1545 1775 1770 1849; x_wconf 82' lang='lat' dir='ltr'><strong>(Coloss.</strong></span> <span class='ocrx_word' id='word_1_141' title='bbox 1801 1773 1906 1844; x_wconf 84' lang='grc' dir='ltr'><strong>ιιι).</strong></span> 
     </span>
    </p>
   </div>
   <div class='ocr_carea' id='block_1_19' title="bbox 2003 583 3585 669">
    <p class='ocr_par' dir='ltr' id='par_1_19' title="bbox 2003 583 3585 669">
     <span class='ocr_line' id='line_1_19' title="bbox 2003 583 3585 669; baseline -0.008 -21"><span class='ocrx_word' id='word_1_142' title='bbox 2003 600 2250 669; x_wconf 78' lang='lat' dir='ltr'><strong>surgeret</strong></span> <span class='ocrx_word' id='word_1_143' title='bbox 2292 591 2373 647; x_wconf 92' lang='lat' dir='ltr'><strong>ira</strong></span> <span class='ocrx_word' id='word_1_144' title='bbox 2418 591 2524 647; x_wconf 90' lang='lat' dir='ltr'><strong>ista</strong></span> <span class='ocrx_word' id='word_1_145' title='bbox 2552 586 2964 651; x_wconf 87' lang='lat' dir='ltr'><strong>irrationabilis,</strong></span> <span class='ocrx_word' id='word_1_146' title='bbox 2998 583 3100 667; x_wconf 85' lang='lat' dir='ltr'><strong>nisi</strong></span> <span class='ocrx_word' id='word_1_147' title='bbox 3131 591 3408 653; x_wconf 87' lang='lat' dir='ltr'><strong>peccatum</strong></span> <span class='ocrx_word' id='word_1_148' title='bbox 3438 588 3585 635; x_wconf 88' lang='lat' dir='ltr'><strong>esset</strong></span> 
     </span>
    </p>
   </div>
   <div class='ocr_carea' id='block_1_20' title="bbox 2002 674 3584 755">
    <p class='ocr_par' dir='ltr' id='par_1_20' title="bbox 2002 674 3584 755">
     <span class='ocr_line' id='line_1_20' title="bbox 2002 674 3584 755; baseline -0.009 -14"><span class='ocrx_word' id='word_1_149' title='bbox 2002 684 2058 741; x_wconf 90' lang='lat' dir='ltr'><strong>In</strong></span> <span class='ocrx_word' id='word_1_150' title='bbox 2088 686 2365 750; x_wconf 88' lang='lat' dir='ltr'><strong>membris,</strong></span> <span class='ocrx_word' id='word_1_151' title='bbox 2392 684 2485 740; x_wconf 90' lang='lat' dir='ltr'><strong>sed</strong></span> <span class='ocrx_word' id='word_1_152' title='bbox 2522 681 2645 738; x_wconf 79' lang='lat' dir='ltr'><strong>tolle</strong></span> <span class='ocrx_word' id='word_1_153' title='bbox 2669 680 2747 736; x_wconf 87' lang='lat' dir='ltr'><strong>illi</strong></span> <span class='ocrx_word' id='word_1_154' title='bbox 2777 694 3003 750; x_wconf 78' lang='lat' dir='ltr'><strong>regnum</strong></span> <span class='ocrx_word' id='word_1_155' title='bbox 3027 719 3042 742; x_wconf 88' lang='lat'><strong>,</strong></span> <span class='ocrx_word' id='word_1_156' title='bbox 3071 693 3179 755; x_wconf 85' lang='lat' dir='ltr'><strong>non</strong></span> <span class='ocrx_word' id='word_1_157' title='bbox 3210 674 3407 749; x_wconf 84' lang='lat' dir='ltr'><strong>habeat</strong></span> <span class='ocrx_word' id='word_1_158' title='bbox 3432 687 3584 728; x_wconf 90' lang='lat' dir='ltr'><strong>arma</strong></span> 
     </span>
    </p>
   </div>
   <div class='ocr_carea' id='block_1_21' title="bbox 2002 770 3579 843">
    <p class='ocr_par' dir='ltr' id='par_1_21' title="bbox 2002 770 3579 843">
     <span class='ocr_line' id='line_1_21' title="bbox 2002 770 3579 843; baseline -0.006 -13"><span class='ocrx_word' id='word_1_159' title='bbox 2002 776 2146 832; x_wconf 90' lang='lat' dir='ltr'><strong>unde</strong></span> <span class='ocrx_word' id='word_1_160' title='bbox 2193 784 2381 831; x_wconf 90' lang='lat' dir='ltr'><strong>contra</strong></span> <span class='ocrx_word' id='word_1_161' title='bbox 2426 784 2478 829; x_wconf 90' lang='lat' dir='ltr'><strong>te</strong></span> <span class='ocrx_word' id='word_1_162' title='bbox 2528 781 2751 843; x_wconf 87' lang='lat' dir='ltr'><strong>pugnet,</strong></span> <span class='ocrx_word' id='word_1_163' title='bbox 2774 771 2936 827; x_wconf 89' lang='lat' dir='ltr'><strong>discit</strong></span> <span class='ocrx_word' id='word_1_164' title='bbox 2985 770 3149 825; x_wconf 91' lang='lat' dir='ltr'><strong>etiam</strong></span> <span class='ocrx_word' id='word_1_165' title='bbox 3181 784 3288 823; x_wconf 90' lang='lat' dir='ltr'><strong>non</strong></span> <span class='ocrx_word' id='word_1_166' title='bbox 3341 782 3579 838; x_wconf 80' lang='lat' dir='ltr'><strong>surgere,</strong></span> 
     </span>
    </p>
   </div>
   <div class='ocr_carea' id='block_1_22' title="bbox 2004 857 3587 936">
    <p class='ocr_par' dir='ltr' id='par_1_22' title="bbox 2004 857 3587 936">
     <span class='ocr_line' id='line_1_22' title="bbox 2004 857 3587 936; baseline -0.006 -13"><span class='ocrx_word' id='word_1_167' title='bbox 2004 882 2125 924; x_wconf 93' lang='lat' dir='ltr'><strong>cum</strong></span> <span class='ocrx_word' id='word_1_168' title='bbox 2176 881 2328 921; x_wconf 88' lang='lat' dir='ltr'><strong>arma</strong></span> <span class='ocrx_word' id='word_1_169' title='bbox 2377 880 2485 920; x_wconf 89' lang='lat' dir='ltr'><strong>non</strong></span> <span class='ocrx_word' id='word_1_170' title='bbox 2524 865 2750 934; x_wconf 82' lang='lat' dir='ltr'><strong>coeperit</strong></span> <span class='ocrx_word' id='word_1_171' title='bbox 2799 863 3043 936; x_wconf 87' lang='lat' dir='ltr'><strong>invenire</strong></span> <span class='ocrx_word' id='word_1_172' title='bbox 3087 879 3101 916; x_wconf 95' lang='lat'>:</span> <span class='ocrx_word' id='word_1_173' title='bbox 3150 859 3271 914; x_wconf 88' lang='lat' dir='ltr'><strong>Non</strong></span> <span class='ocrx_word' id='word_1_174' title='bbox 3299 857 3587 914; x_wconf 73' lang='lat' dir='ltr'><strong>exhibeatis</strong></span> 
     </span>
    </p>
   </div>
   <div class='ocr_carea' id='block_1_23' title="bbox 2003 938 3589 1027">
    <p class='ocr_par' dir='ltr' id='par_1_23' title="bbox 2003 938 3589 1027">
     <span class='ocr_line' id='line_1_23' title="bbox 2003 938 3589 1027; baseline -0.006 -14"><span class='ocrx_word' id='word_1_175' title='bbox 2003 959 2235 1013; x_wconf 87' lang='lat' dir='ltr'><strong>membra</strong></span> <span class='ocrx_word' id='word_1_176' title='bbox 2255 966 2423 1013; x_wconf 89' lang='lat' dir='ltr'><strong>vestra</strong></span> <span class='ocrx_word' id='word_1_177' title='bbox 2449 973 2599 1011; x_wconf 87' lang='lat' dir='ltr'><strong>arma</strong></span> <span class='ocrx_word' id='word_1_178' title='bbox 2627 938 2917 1027; x_wconf 79' lang='lat' dir='ltr'><strong>iniquitatis</strong></span> <span class='ocrx_word' id='word_1_179' title='bbox 2960 968 3189 1027; x_wconf 82' lang='lat' dir='ltr'><strong>peccato,</strong></span> <span class='ocrx_word' id='word_1_180' title='bbox 3223 952 3461 1023; x_wconf 87' lang='lat' dir='ltr'><strong>alioquin</strong></span> <span class='ocrx_word' id='word_1_181' title='bbox 3490 953 3589 1006; x_wconf 88' lang='lat' dir='ltr'><strong>toti</strong></span> 
     </span>
    </p>
   </div>
   <div class='ocr_carea' id='block_1_24' title="bbox 2004 1043 3587 1121">
    <p class='ocr_par' dir='ltr' id='par_1_24' title="bbox 2004 1043 3587 1121">
     <span class='ocr_line' id='line_1_24' title="bbox 2004 1043 3587 1121; baseline -0.006 -14"><span class='ocrx_word' id='word_1_182' title='bbox 2004 1050 2202 1121; x_wconf 88' lang='lat' dir='ltr'><strong>captivi</strong></span> <span class='ocrx_word' id='word_1_183' title='bbox 2225 1050 2397 1119; x_wconf 84' lang='lat' dir='ltr'><strong>eritis,</strong></span> <span class='ocrx_word' id='word_1_184' title='bbox 2424 1057 2599 1104; x_wconf 89' lang='lat' dir='ltr'><strong>etnon</strong></span> <span class='ocrx_word' id='word_1_185' title='bbox 2623 1049 2725 1103; x_wconf 89' lang='lat' dir='ltr'><strong>erit</strong></span> <span class='ocrx_word' id='word_1_186' title='bbox 2749 1048 2949 1112; x_wconf 89' lang='lat' dir='ltr'><strong>dicere,</strong></span> <span class='ocrx_word' id='word_1_187' title='bbox 2970 1057 3149 1101; x_wconf 88' lang='lat' dir='ltr'><strong>mente</strong></span> <span class='ocrx_word' id='word_1_188' title='bbox 3165 1046 3341 1102; x_wconf 86' lang='lat' dir='ltr'><strong>servio</strong></span> <span class='ocrx_word' id='word_1_189' title='bbox 3359 1045 3463 1116; x_wconf 83' lang='lat' dir='ltr'><strong>legi</strong></span> <span class='ocrx_word' id='word_1_190' title='bbox 3489 1043 3587 1117; x_wconf 87' lang='lat' dir='ltr'><strong>Dei</strong></span> 
     </span>
    </p>
   </div>
   <div class='ocr_carea' id='block_1_25' title="bbox 2007 1130 3587 1211">
    <p class='ocr_par' dir='ltr' id='par_1_25' title="bbox 2007 1130 3587 1211">
     <span class='ocr_line' id='line_1_25' title="bbox 2007 1130 3587 1211; baseline -0.007 -13"><span class='ocrx_word' id='word_1_191' title='bbox 2007 1159 2129 1198; x_wconf 91' lang='lat' dir='ltr'><strong>cum</strong></span> <span class='ocrx_word' id='word_1_192' title='bbox 2158 1130 2347 1198; x_wconf 83' lang='lat' dir='ltr'><strong>essetis</strong></span> <span class='ocrx_word' id='word_1_193' title='bbox 2385 1140 2527 1197; x_wconf 81' lang='lat' dir='ltr'><strong>servi</strong></span> <span class='ocrx_word' id='word_1_194' title='bbox 2562 1140 2789 1211; x_wconf 83' lang='lat' dir='ltr'><strong>peccati,</strong></span> <span class='ocrx_word' id='word_1_195' title='bbox 2820 1138 2973 1194; x_wconf 90' lang='lat' dir='ltr'><strong>liberi</strong></span> <span class='ocrx_word' id='word_1_196' title='bbox 3007 1137 3185 1193; x_wconf 81' lang='lat' dir='ltr'><strong>fuistis</strong></span> <span class='ocrx_word' id='word_1_197' title='bbox 3207 1137 3451 1206; x_wconf 61' lang='lat' dir='ltr'><strong>iustitiae.</strong></span> <span class='ocrx_word' id='word_1_198' title='bbox 3485 1134 3587 1190; x_wconf 78' lang='lat' dir='ltr'><strong>Sed</strong></span> 
     </span>
    </p>
   </div>
   <div class='ocr_carea' id='block_1_26' title="bbox 2006 1224 3591 1302">
    <p class='ocr_par' dir='ltr' id='par_1_26' title="bbox 2006 1224 3591 1302">
     <span class='ocr_line' id='line_1_26' title="bbox 2006 1224 3591 1302; baseline -0.006 -14"><span class='ocrx_word' id='word_1_199' title='bbox 2006 1233 2238 1288; x_wconf 72' lang='lat' dir='ltr'><strong>exhibete</strong></span> <span class='ocrx_word' id='word_1_200' title='bbox 2252 1249 2338 1288; x_wconf 80' lang='lat' dir='ltr'><strong>vos</strong></span> <span class='ocrx_word' id='word_1_201' title='bbox 2356 1231 2489 1298; x_wconf 89' lang='lat' dir='ltr'><strong>Deo,</strong></span> <span class='ocrx_word' id='word_1_202' title='bbox 2505 1239 2753 1302; x_wconf 82' lang='lat' dir='ltr'><strong>tanquam</strong></span> <span class='ocrx_word' id='word_1_203' title='bbox 2775 1244 2838 1283; x_wconf 76' lang='lat' dir='ltr'><strong>ex</strong></span> <span class='ocrx_word' id='word_1_204' title='bbox 2853 1230 3071 1282; x_wconf 80' lang='lat' dir='ltr'><strong>mortuis</strong></span> <span class='ocrx_word' id='word_1_205' title='bbox 3088 1229 3325 1283; x_wconf 76' lang='lat' dir='ltr'><strong>viventes.</strong></span> <span class='ocrx_word' id='word_1_206' title='bbox 3351 1224 3591 1299; x_wconf 86' lang='lat' dir='ltr'><strong>(Ambr.)</strong></span> 
     </span>
    </p>
   </div>
   <div class='ocr_carea' id='block_1_27' title="bbox 2006 1321 3593 1394">
    <p class='ocr_par' dir='ltr' id='par_1_27' title="bbox 2006 1321 3593 1394">
     <span class='ocr_line' id='line_1_27' title="bbox 2006 1321 3593 1394; baseline -0.004 -15"><span class='ocrx_word' id='word_1_207' title='bbox 2006 1324 2256 1391; x_wconf 84' lang='lat' dir='ltr'><strong>Mortem,</strong></span> <span class='ocrx_word' id='word_1_208' title='bbox 2286 1324 2644 1394; x_wconf 80' lang='lat' dir='ltr'><strong>ignorantiam</strong></span> <span class='ocrx_word' id='word_1_209' title='bbox 2670 1331 2725 1379; x_wconf 89' lang='lat' dir='ltr'><strong>et</strong></span> <span class='ocrx_word' id='word_1_210' title='bbox 2758 1321 3123 1378; x_wconf 86' lang='lat' dir='ltr'><strong>inﬁdelitatem</strong></span> <span class='ocrx_word' id='word_1_211' title='bbox 3155 1336 3279 1375; x_wconf 90' lang='lat' dir='ltr'><strong>cum</strong></span> <span class='ocrx_word' id='word_1_212' title='bbox 3312 1322 3453 1375; x_wconf 90' lang='lat' dir='ltr'><strong>mala</strong></span> <span class='ocrx_word' id='word_1_213' title='bbox 3481 1322 3593 1375; x_wconf 85' lang='lat' dir='ltr'><strong>vita</strong></span> 
     </span>
    </p>
   </div>
   <div class='ocr_carea' id='block_1_28' title="bbox 2009 1411 3596 1487">
    <p class='ocr_par' dir='ltr' id='par_1_28' title="bbox 2009 1411 3596 1487">
     <span class='ocr_line' id='line_1_28' title="bbox 2009 1411 3596 1487; baseline -0.004 -16"><span class='ocrx_word' id='word_1_214' title='bbox 2009 1416 2295 1487; x_wconf 83' lang='lat' dir='ltr'><strong>signiﬁcat,</strong></span> <span class='ocrx_word' id='word_1_215' title='bbox 2330 1415 2455 1484; x_wconf 89' lang='lat' dir='ltr'><strong>quia</strong></span> <span class='ocrx_word' id='word_1_216' title='bbox 2480 1415 2588 1469; x_wconf 87' lang='lat' dir='ltr'><strong>vita</strong></span> <span class='ocrx_word' id='word_1_217' title='bbox 2618 1422 2700 1469; x_wconf 89' lang='lat' dir='ltr'><strong>est</strong></span> <span class='ocrx_word' id='word_1_218' title='bbox 2738 1427 3064 1484; x_wconf 88' lang='lat' dir='ltr'><strong>cognoscere</strong></span> <span class='ocrx_word' id='word_1_219' title='bbox 3093 1412 3261 1477; x_wconf 86' lang='lat' dir='ltr'><strong>Deum</strong></span> <span class='ocrx_word' id='word_1_220' title='bbox 3306 1426 3402 1480; x_wconf 87' lang='lat' dir='ltr'><strong>per</strong></span> <span class='ocrx_word' id='word_1_221' title='bbox 3441 1411 3596 1466; x_wconf 90' lang='lat' dir='ltr'><strong>Chri-</strong></span> 
     </span>
    </p>
   </div>
   <div class='ocr_carea' id='block_1_29' title="bbox 2011 1501 3592 1574">
    <p class='ocr_par' dir='ltr' id='par_1_29' title="bbox 2011 1501 3592 1574">
     <span class='ocr_line' id='line_1_29' title="bbox 2011 1501 3592 1574; baseline -0.004 -12"><span class='ocrx_word' id='word_1_222' title='bbox 2011 1517 2172 1563; x_wconf 89' lang='lat' dir='ltr'><strong>stum.</strong></span> <span class='ocrx_word' id='word_1_223' title='bbox 2189 1506 2485 1574; x_wconf 79' lang='lat' dir='ltr'><strong>Quiaenim</strong></span> <span class='ocrx_word' id='word_1_224' title='bbox 2505 1520 2664 1559; x_wconf 91' lang='lat' dir='ltr'><strong>nemo</strong></span> <span class='ocrx_word' id='word_1_225' title='bbox 2690 1504 2805 1574; x_wconf 80' lang='lat' dir='ltr'><strong>sine</strong></span> <span class='ocrx_word' id='word_1_226' title='bbox 2828 1512 3050 1573; x_wconf 88' lang='lat' dir='ltr'><strong>parente</strong></span> <span class='ocrx_word' id='word_1_227' title='bbox 3065 1514 3245 1557; x_wconf 91' lang='lat' dir='ltr'><strong>ortum</strong></span> <span class='ocrx_word' id='word_1_228' title='bbox 3266 1502 3431 1555; x_wconf 88' lang='lat' dir='ltr'><strong>sumit</strong></span> <span class='ocrx_word' id='word_1_229' title='bbox 3451 1501 3592 1566; x_wconf 65' lang='lat' dir='ltr'><strong>vitm,</strong></span> 
     </span>
    </p>
   </div>
   <div class='ocr_carea' id='block_1_30' title="bbox 2009 1595 3593 1667">
    <p class='ocr_par' dir='ltr' id='par_1_30' title="bbox 2009 1595 3593 1667">
     <span class='ocr_line' id='line_1_30' title="bbox 2009 1595 3593 1667; baseline -0.003 -12"><span class='ocrx_word' id='word_1_230' title='bbox 2009 1601 2188 1655; x_wconf 88' lang='lat' dir='ltr'><strong>omnia</strong></span> <span class='ocrx_word' id='word_1_231' title='bbox 2216 1609 2397 1655; x_wconf 88' lang='lat' dir='ltr'><strong>autem</strong></span> <span class='ocrx_word' id='word_1_232' title='bbox 2420 1616 2449 1654; x_wconf 93' lang='lat' dir='ltr'><strong>a</strong></span> <span class='ocrx_word' id='word_1_233' title='bbox 2474 1601 2583 1655; x_wconf 89' lang='lat' dir='ltr'><strong>Deo</strong></span> <span class='ocrx_word' id='word_1_234' title='bbox 2607 1612 2725 1655; x_wconf 83' lang='lat' dir='ltr'><strong>orta</strong></span> <span class='ocrx_word' id='word_1_235' title='bbox 2746 1607 2870 1654; x_wconf 90' lang='lat' dir='ltr'><strong>sunt</strong></span> <span class='ocrx_word' id='word_1_236' title='bbox 2894 1599 2963 1652; x_wconf 90' lang='lat' dir='ltr'><strong>ad</strong></span> <span class='ocrx_word' id='word_1_237' title='bbox 2987 1598 3152 1661; x_wconf 85' lang='lat' dir='ltr'><strong>vitam</strong></span> <span class='ocrx_word' id='word_1_238' title='bbox 3174 1612 3269 1667; x_wconf 90' lang='lat' dir='ltr'><strong>per</strong></span> <span class='ocrx_word' id='word_1_239' title='bbox 3288 1595 3593 1661; x_wconf 89' lang='lat' dir='ltr'><strong>Christum;</strong></span> 
     </span>
    </p>
   </div>
   <div class='ocr_carea' id='block_1_31' title="bbox 2010 1687 3600 1762">
    <p class='ocr_par' dir='ltr' id='par_1_31' title="bbox 2010 1687 3600 1762">
     <span class='ocr_line' id='line_1_31' title="bbox 2010 1687 3600 1762; baseline -0.004 -15"><span class='ocrx_word' id='word_1_240' title='bbox 2010 1693 2212 1759; x_wconf 90' lang='lat' dir='ltr'><strong>idcirco</strong></span> <span class='ocrx_word' id='word_1_241' title='bbox 2253 1692 2345 1761; x_wconf 88' lang='lat' dir='ltr'><strong>qui</strong></span> <span class='ocrx_word' id='word_1_242' title='bbox 2399 1708 2505 1747; x_wconf 91' lang='lat' dir='ltr'><strong>non</strong></span> <span class='ocrx_word' id='word_1_243' title='bbox 2563 1691 2807 1761; x_wconf 87' lang='lat' dir='ltr'><strong>agnoscit</strong></span> <span class='ocrx_word' id='word_1_244' title='bbox 2853 1699 3133 1762; x_wconf 88' lang='lat' dir='ltr'><strong>parentem</strong></span> <span class='ocrx_word' id='word_1_245' title='bbox 3190 1687 3428 1743; x_wconf 90' lang='lat' dir='ltr'><strong>omnium</strong></span> <span class='ocrx_word' id='word_1_246' title='bbox 3482 1701 3600 1742; x_wconf 89' lang='lat' dir='ltr'><strong>esse</strong></span> 
     </span>
    </p>
   </div>
   <div class='ocr_carea' id='block_1_32' title="bbox 2010 1779 3597 1853">
    <p class='ocr_par' dir='ltr' id='par_1_32' title="bbox 2010 1779 3597 1853">
     <span class='ocr_line' id='line_1_32' title="bbox 2010 1779 3597 1853; baseline -0.003 -17"><span class='ocrx_word' id='word_1_247' title='bbox 2010 1780 2181 1838; x_wconf 89' lang='lat' dir='ltr'><strong>Deum</strong></span> <span class='ocrx_word' id='word_1_248' title='bbox 2196 1799 2291 1853; x_wconf 87' lang='lat' dir='ltr'><strong>per</strong></span> <span class='ocrx_word' id='word_1_249' title='bbox 2306 1782 2582 1838; x_wconf 88' lang='lat' dir='ltr'><strong>Christum</strong></span> <span class='ocrx_word' id='word_1_250' title='bbox 2599 1824 2614 1848; x_wconf 91' lang='lat'><strong>,</strong></span> <span class='ocrx_word' id='word_1_251' title='bbox 2630 1783 2796 1837; x_wconf 85' lang='lat' dir='ltr'><strong>vitam</strong></span> <span class='ocrx_word' id='word_1_252' title='bbox 2811 1782 3011 1837; x_wconf 87' lang='lat' dir='ltr'><strong>habere</strong></span> <span class='ocrx_word' id='word_1_253' title='bbox 3026 1797 3130 1836; x_wconf 89' lang='lat' dir='ltr'><strong>non</strong></span> <span class='ocrx_word' id='word_1_254' title='bbox 3146 1780 3365 1845; x_wconf 89' lang='lat' dir='ltr'><strong>dicitur,</strong></span> <span class='ocrx_word' id='word_1_255' title='bbox 3381 1779 3483 1833; x_wconf 89' lang='lat' dir='ltr'><strong>hoc</strong></span> <span class='ocrx_word' id='word_1_256' title='bbox 3497 1787 3597 1846; x_wconf 86' lang='lat' dir='ltr'><strong>est,</strong></span> 
     </span>
    </p>
   </div>
   <div class='ocr_carea' id='block_1_33' title="bbox 322 1864 1919 1947">
    <p class='ocr_par' dir='ltr' id='par_1_33' title="bbox 322 1865 1909 1944">
     <span class='ocr_line' id='line_1_33' title="bbox 322 1865 1909 1944; baseline -0.009 -15"><span class='ocrx_word' id='word_1_257' title='bbox 322 1875 390 1929; x_wconf 83' lang='lat' dir='ltr'><strong>Et</strong></span> <span class='ocrx_word' id='word_1_258' title='bbox 408 1875 455 1930; x_wconf 90' lang='lat' dir='ltr'><strong>si</strong></span> <span class='ocrx_word' id='word_1_259' title='bbox 481 1893 502 1925; x_wconf 73' lang='grc' dir='ltr'><strong>ι</strong></span> <span class='ocrx_word' id='word_1_260' title='bbox 520 1887 733 1944; x_wconf 83' lang='lat' dir='ltr'><strong>semper</strong></span> <span class='ocrx_word' id='word_1_261' title='bbox 748 1881 977 1928; x_wconf 89' lang='lat' dir='ltr'><strong>mortem</strong></span> <span class='ocrx_word' id='word_1_262' title='bbox 997 1870 1197 1927; x_wconf 77' lang='lat' dir='ltr'><strong>Christi</strong></span> <span class='ocrx_word' id='word_1_263' title='bbox 1222 1870 1275 1925; x_wconf 91' lang='lat' dir='ltr'><strong>in</strong></span> <span class='ocrx_word' id='word_1_264' title='bbox 1297 1883 1521 1938; x_wconf 89' lang='lat' dir='ltr'><strong>corpore</strong></span> <span class='ocrx_word' id='word_1_265' title='bbox 1544 1875 1729 1921; x_wconf 88' lang='lat' dir='ltr'><strong>nostro</strong></span> <span class='ocrx_word' id='word_1_266' title='bbox 1748 1884 1766 1916; x_wconf 74' lang='grc' dir='ltr'><strong>ι</strong></span> <span class='ocrx_word' id='word_1_267' title='bbox 1801 1865 1909 1918; x_wconf 91' lang='lat' dir='ltr'><strong>cir-</strong></span> 
     </span>
    </p>
   </div>
   <div class='ocr_carea' id='block_1_34' title="bbox 2021 1864 3604 1947">
    <p class='ocr_par' dir='ltr' id='par_1_34' title="bbox 2021 1872 3604 1947">
     <span class='ocr_line' id='line_1_34' title="bbox 2021 1872 3604 1947; baseline -0.003 -18"><span class='ocrx_word' id='word_1_268' title='bbox 2021 1875 2090 1929; x_wconf 80' lang='lat' dir='ltr'><strong>sic</strong></span> <span class='ocrx_word' id='word_1_269' title='bbox 2119 1874 2347 1929; x_wconf 87' lang='lat' dir='ltr'><strong>habetur</strong></span> <span class='ocrx_word' id='word_1_270' title='bbox 2370 1889 2433 1928; x_wconf 90' lang='lat' dir='ltr'><strong>ac</strong></span> <span class='ocrx_word' id='word_1_271' title='bbox 2454 1874 2499 1930; x_wconf 90' lang='lat' dir='ltr'><strong>si</strong></span> <span class='ocrx_word' id='word_1_272' title='bbox 2521 1890 2629 1928; x_wconf 91' lang='lat' dir='ltr'><strong>non</strong></span> <span class='ocrx_word' id='word_1_273' title='bbox 2657 1874 2727 1927; x_wconf 90' lang='lat' dir='ltr'><strong>sit</strong></span> <span class='ocrx_word' id='word_1_274' title='bbox 2750 1891 2762 1929; x_wconf 87' lang='lat'><strong>:</strong></span> <span class='ocrx_word' id='word_1_275' title='bbox 2796 1873 2912 1945; x_wconf 89' lang='lat' dir='ltr'><strong>ipse</strong></span> <span class='ocrx_word' id='word_1_276' title='bbox 2934 1873 3079 1927; x_wconf 88' lang='lat' dir='ltr'><strong>enim</strong></span> <span class='ocrx_word' id='word_1_277' title='bbox 3108 1872 3456 1942; x_wconf 88' lang='lat' dir='ltr'><strong>semetipsum</strong></span> <span class='ocrx_word' id='word_1_278' title='bbox 3483 1885 3604 1947; x_wconf 85' lang='lat' dir='ltr'><strong>esse</strong></span> 
     </span>
    </p>
   </div>
   <div class='ocr_carea' id='block_1_35' title="bbox 323 1955 1911 2030">
    <p class='ocr_par' dir='ltr' id='par_1_35' title="bbox 323 1955 1911 2030">
     <span class='ocr_line' id='line_1_35' title="bbox 323 1955 1911 2030; baseline -0.007 -12"><span class='ocrx_word' id='word_1_279' title='bbox 323 1963 708 2018; x_wconf 81' lang='lat' dir='ltr'><strong>eumferamus.</strong></span> <span class='ocrx_word' id='word_1_280' title='bbox 781 1961 1003 2018; x_wconf 87' lang='lat' dir='ltr'><strong>Certum</strong></span> <span class='ocrx_word' id='word_1_281' title='bbox 1053 1975 1287 2030; x_wconf 89' lang='lat' dir='ltr'><strong>namque</strong></span> <span class='ocrx_word' id='word_1_282' title='bbox 1341 1967 1443 2024; x_wconf 89' lang='lat' dir='ltr'><strong>est,</strong></span> <span class='ocrx_word' id='word_1_283' title='bbox 1475 1957 1601 2027; x_wconf 90' lang='lat' dir='ltr'><strong>quia</strong></span> <span class='ocrx_word' id='word_1_284' title='bbox 1641 1955 1732 2010; x_wconf 87' lang='lat' dir='ltr'><strong>ubi</strong></span> <span class='ocrx_word' id='word_1_285' title='bbox 1763 1968 1911 2009; x_wconf 89' lang='lat' dir='ltr'><strong>mors</strong></span> 
     </span>
    </p>
   </div>
   <div class='ocr_carea' id='block_1_36' title="bbox 324 2045 1914 2122">
    <p class='ocr_par' dir='ltr' id='par_1_36' title="bbox 324 2045 1914 2122">
     <span class='ocr_line' id='line_1_36' title="bbox 324 2045 1914 2122; baseline -0.006 -15"><span class='ocrx_word' id='word_1_286' title='bbox 324 2052 527 2108; x_wconf 80' lang='lat' dir='ltr'><strong>Christi</strong></span> <span class='ocrx_word' id='word_1_287' title='bbox 538 2052 919 2109; x_wconf 81' lang='lat' dir='ltr'><strong>circumfertur</strong></span> <span class='ocrx_word' id='word_1_288' title='bbox 937 2067 1041 2107; x_wconf 90' lang='lat' dir='ltr'><strong>non</strong></span> <span class='ocrx_word' id='word_1_289' title='bbox 1058 2059 1234 2122; x_wconf 88' lang='lat' dir='ltr'><strong>potest</strong></span> <span class='ocrx_word' id='word_1_290' title='bbox 1250 2064 1478 2121; x_wconf 83' lang='lat' dir='ltr'><strong>regnare</strong></span> <span class='ocrx_word' id='word_1_291' title='bbox 1494 2055 1791 2119; x_wconf 87' lang='lat' dir='ltr'><strong>peccatum.</strong></span> <span class='ocrx_word' id='word_1_292' title='bbox 1818 2045 1914 2100; x_wconf 87' lang='lat' dir='ltr'><strong>Est</strong></span> 
     </span>
    </p>
   </div>
   <div class='ocr_carea' id='block_1_37' title="bbox 325 2137 1913 2208">
    <p class='ocr_par' dir='ltr' id='par_1_37' title="bbox 325 2137 1913 2208">
     <span class='ocr_line' id='line_1_37' title="bbox 325 2137 1913 2208; baseline -0.005 -10"><span class='ocrx_word' id='word_1_293' title='bbox 325 2145 469 2198; x_wconf 88' lang='lat' dir='ltr'><strong>enim</strong></span> <span class='ocrx_word' id='word_1_294' title='bbox 497 2151 646 2199; x_wconf 79' lang='lat' dir='ltr'><strong>tanta</strong></span> <span class='ocrx_word' id='word_1_295' title='bbox 663 2144 747 2199; x_wconf 81' lang='lat' dir='ltr'><strong>vis</strong></span> <span class='ocrx_word' id='word_1_296' title='bbox 770 2142 951 2199; x_wconf 88' lang='lat' dir='ltr'><strong>crucis</strong></span> <span class='ocrx_word' id='word_1_297' title='bbox 973 2142 1195 2207; x_wconf 86' lang='lat' dir='ltr'><strong>Christi,</strong></span> <span class='ocrx_word' id='word_1_298' title='bbox 1223 2153 1282 2196; x_wconf 90' lang='lat' dir='ltr'><strong>ut</strong></span> <span class='ocrx_word' id='word_1_299' title='bbox 1310 2142 1354 2196; x_wconf 91' lang='lat' dir='ltr'><strong>si</strong></span> <span class='ocrx_word' id='word_1_300' title='bbox 1388 2148 1511 2194; x_wconf 88' lang='lat' dir='ltr'><strong>ante</strong></span> <span class='ocrx_word' id='word_1_301' title='bbox 1536 2137 1722 2193; x_wconf 89' lang='lat' dir='ltr'><strong>oculos</strong></span> <span class='ocrx_word' id='word_1_302' title='bbox 1746 2151 1913 2208; x_wconf 85' lang='lat' dir='ltr'><strong>pona-</strong></span> 
     </span>
    </p>
   </div>
   <div class='ocr_carea' id='block_1_38' title="bbox 325 2229 1914 2299">
    <p class='ocr_par' dir='ltr' id='par_1_38' title="bbox 325 2229 1914 2299">
     <span class='ocr_line' id='line_1_38' title="bbox 325 2229 1914 2299; baseline -0.003 -12"><span class='ocrx_word' id='word_1_303' title='bbox 325 2241 434 2298; x_wconf 83' lang='lat' dir='ltr'><strong>tur,</strong></span> <span class='ocrx_word' id='word_1_304' title='bbox 462 2240 519 2288; x_wconf 88' lang='lat' dir='ltr'><strong>et</strong></span> <span class='ocrx_word' id='word_1_305' title='bbox 538 2232 592 2288; x_wconf 89' lang='lat' dir='ltr'><strong>in</strong></span> <span class='ocrx_word' id='word_1_306' title='bbox 620 2241 801 2289; x_wconf 88' lang='lat' dir='ltr'><strong>mente</strong></span> <span class='ocrx_word' id='word_1_307' title='bbox 826 2233 1057 2289; x_wconf 84' lang='lat' dir='ltr'><strong>ﬁdeliter</strong></span> <span class='ocrx_word' id='word_1_308' title='bbox 1095 2234 1412 2298; x_wconf 87' lang='lat' dir='ltr'><strong>retineatur,</strong></span> <span class='ocrx_word' id='word_1_309' title='bbox 1442 2233 1514 2286; x_wconf 88' lang='lat' dir='ltr'><strong>ita</strong></span> <span class='ocrx_word' id='word_1_310' title='bbox 1539 2239 1600 2285; x_wconf 87' lang='lat' dir='ltr'><strong>ut</strong></span> <span class='ocrx_word' id='word_1_311' title='bbox 1646 2229 1702 2284; x_wconf 92' lang='lat' dir='ltr'><strong>in</strong></span> <span class='ocrx_word' id='word_1_312' title='bbox 1741 2229 1914 2299; x_wconf 87' lang='lat' dir='ltr'><strong>ipsam</strong></span> 
     </span>
    </p>
   </div>
   <div class='ocr_carea' id='block_1_39' title="bbox 326 2318 1916 2391">
    <p class='ocr_par' dir='ltr' id='par_1_39' title="bbox 326 2318 1916 2391">
     <span class='ocr_line' id='line_1_39' title="bbox 326 2318 1916 2391; baseline -0.004 -14"><span class='ocrx_word' id='word_1_313' title='bbox 326 2331 558 2378; x_wconf 82' lang='lat' dir='ltr'><strong>mortem</strong></span> <span class='ocrx_word' id='word_1_314' title='bbox 578 2321 785 2378; x_wconf 86' lang='lat' dir='ltr'><strong>Christi</strong></span> <span class='ocrx_word' id='word_1_315' title='bbox 813 2323 1053 2380; x_wconf 87' lang='lat' dir='ltr'><strong>intentus</strong></span> <span class='ocrx_word' id='word_1_316' title='bbox 1074 2324 1262 2378; x_wconf 90' lang='lat' dir='ltr'><strong>oculus</strong></span> <span class='ocrx_word' id='word_1_317' title='bbox 1282 2324 1483 2378; x_wconf 89' lang='lat' dir='ltr'><strong>mentis</strong></span> <span class='ocrx_word' id='word_1_318' title='bbox 1502 2320 1747 2391; x_wconf 87' lang='lat' dir='ltr'><strong>aspiciat,</strong></span> <span class='ocrx_word' id='word_1_319' title='bbox 1769 2318 1916 2373; x_wconf 89' lang='lat' dir='ltr'><strong>nulla</strong></span> 
     </span>
    </p>
   </div>
   <div class='ocr_carea' id='block_1_40' title="bbox 328 2407 1915 2483">
    <p class='ocr_par' dir='ltr' id='par_1_40' title="bbox 328 2407 1915 2483">
     <span class='ocr_line' id='line_1_40' title="bbox 328 2407 1915 2483; baseline -0.005 -14"><span class='ocrx_word' id='word_1_320' title='bbox 328 2414 787 2483; x_wconf 78' lang='lat' dir='ltr'><strong>concupiscentia,</strong></span> <span class='ocrx_word' id='word_1_321' title='bbox 848 2414 994 2469; x_wconf 90' lang='lat' dir='ltr'><strong>nulla</strong></span> <span class='ocrx_word' id='word_1_322' title='bbox 1046 2413 1241 2480; x_wconf 81' lang='lat' dir='ltr'><strong>libido,</strong></span> <span class='ocrx_word' id='word_1_323' title='bbox 1295 2413 1475 2468; x_wconf 89' lang='lat' dir='ltr'><strong>nullus</strong></span> <span class='ocrx_word' id='word_1_324' title='bbox 1533 2411 1715 2475; x_wconf 82' lang='lat' dir='ltr'><strong>furor,</strong></span> <span class='ocrx_word' id='word_1_325' title='bbox 1768 2407 1915 2464; x_wconf 88' lang='lat' dir='ltr'><strong>nulla</strong></span> 
     </span>
    </p>
   </div>
   <div class='ocr_carea' id='block_1_41' title="bbox 329 2501 1912 2576">
    <p class='ocr_par' dir='ltr' id='par_1_41' title="bbox 329 2501 1912 2576">
     <span class='ocr_line' id='line_1_41' title="bbox 329 2501 1912 2576; baseline -0.004 -16"><span class='ocrx_word' id='word_1_326' title='bbox 329 2518 589 2576; x_wconf 79' lang='lat' dir='ltr'><strong>superare</strong></span> <span class='ocrx_word' id='word_1_327' title='bbox 615 2506 786 2575; x_wconf 86' lang='lat' dir='ltr'><strong>possit</strong></span> <span class='ocrx_word' id='word_1_328' title='bbox 814 2505 1012 2560; x_wconf 84' lang='lat' dir='ltr'><strong>invidia</strong></span> <span class='ocrx_word' id='word_1_329' title='bbox 1031 2546 1045 2571; x_wconf 95' lang='lat'><strong>,</strong></span> <span class='ocrx_word' id='word_1_330' title='bbox 1077 2506 1173 2560; x_wconf 81' lang='lat' dir='ltr'><strong>sed</strong></span> <span class='ocrx_word' id='word_1_331' title='bbox 1221 2506 1479 2560; x_wconf 90' lang='lat' dir='ltr'><strong>continuo</strong></span> <span class='ocrx_word' id='word_1_332' title='bbox 1510 2503 1577 2558; x_wconf 86' lang='lat' dir='ltr'><strong>ad</strong></span> <span class='ocrx_word' id='word_1_333' title='bbox 1606 2501 1723 2572; x_wconf 85' lang='lat' dir='ltr'><strong>eius</strong></span> <span class='ocrx_word' id='word_1_334' title='bbox 1772 2513 1912 2570; x_wconf 83' lang='lat' dir='ltr'><strong>prae-</strong></span> 
     </span>
    </p>
   </div>
   <div class='ocr_carea' id='block_1_42' title="bbox 328 2593 1917 2666">
    <p class='ocr_par' dir='ltr' id='par_1_42' title="bbox 328 2593 1917 2666">
     <span class='ocr_line' id='line_1_42' title="bbox 328 2593 1917 2666; baseline -0.004 -15"><span class='ocrx_word' id='word_1_335' title='bbox 328 2596 563 2652; x_wconf 80' lang='lat' dir='ltr'><strong>sentiam</strong></span> <span class='ocrx_word' id='word_1_336' title='bbox 608 2604 754 2653; x_wconf 82' lang='lat' dir='ltr'><strong>totus</strong></span> <span class='ocrx_word' id='word_1_337' title='bbox 784 2596 894 2664; x_wconf 85' lang='lat' dir='ltr'><strong>Ille,</strong></span> <span class='ocrx_word' id='word_1_338' title='bbox 926 2611 1085 2666; x_wconf 86' lang='lat' dir='ltr'><strong>quem</strong></span> <span class='ocrx_word' id='word_1_339' title='bbox 1121 2611 1283 2666; x_wconf 84' lang='lat' dir='ltr'><strong>supra</strong></span> <span class='ocrx_word' id='word_1_340' title='bbox 1327 2593 1765 2651; x_wconf 87' lang='lat' dir='ltr'><strong>enumeravimus</strong></span> <span class='ocrx_word' id='word_1_341' title='bbox 1796 2605 1917 2661; x_wconf 86' lang='lat' dir='ltr'><strong>pec-</strong></span> 
     </span>
    </p>
   </div>
   <div class='ocr_carea' id='block_1_43' title="bbox 329 2686 1915 2760">
    <p class='ocr_par' dir='ltr' id='par_1_43' title="bbox 329 2686 1915 2760">
     <span class='ocr_line' id='line_1_43' title="bbox 329 2686 1915 2760; baseline -0.004 -18"><span class='ocrx_word' id='word_1_342' title='bbox 329 2686 440 2742; x_wconf 75' lang='lat' dir='ltr'><strong>cati</strong></span> <span class='ocrx_word' id='word_1_343' title='bbox 453 2695 510 2742; x_wconf 82' lang='lat' dir='ltr'><strong>et</strong></span> <span class='ocrx_word' id='word_1_344' title='bbox 531 2687 712 2744; x_wconf 85' lang='lat' dir='ltr'><strong>carnis</strong></span> <span class='ocrx_word' id='word_1_345' title='bbox 731 2686 949 2760; x_wconf 77' lang='lat' dir='ltr'><strong>fugatur</strong></span> <span class='ocrx_word' id='word_1_346' title='bbox 967 2688 1270 2754; x_wconf 71' lang='lat' dir='ltr'><strong>exercitus;</strong></span> <span class='ocrx_word' id='word_1_347' title='bbox 1294 2687 1471 2757; x_wconf 88' lang='lat' dir='ltr'><strong>ipsum</strong></span> <span class='ocrx_word' id='word_1_348' title='bbox 1485 2700 1615 2740; x_wconf 91' lang='lat' dir='ltr'><strong>vero</strong></span> <span class='ocrx_word' id='word_1_349' title='bbox 1633 2690 1915 2755; x_wconf 90' lang='lat' dir='ltr'><strong>peccatum</strong></span> 
     </span>
    </p>
   </div>
   <div class='ocr_carea' id='block_1_44' title="bbox 331 2775 1917 2851">
    <p class='ocr_par' dir='ltr' id='par_1_44' title="bbox 331 2775 1917 2851">
     <span class='ocr_line' id='line_1_44' title="bbox 331 2775 1917 2851; baseline -0.006 -15"><span class='ocrx_word' id='word_1_350' title='bbox 331 2788 434 2836; x_wconf 82' lang='lat' dir='ltr'><strong>nec</strong></span> <span class='ocrx_word' id='word_1_351' title='bbox 456 2780 724 2848; x_wconf 83' lang='lat' dir='ltr'><strong>subsistit,</strong></span> <span class='ocrx_word' id='word_1_352' title='bbox 738 2781 935 2851; x_wconf 84' lang='lat' dir='ltr'><strong>quippe</strong></span> <span class='ocrx_word' id='word_1_353' title='bbox 954 2795 1078 2835; x_wconf 82' lang='lat' dir='ltr'><strong>eum</strong></span> <span class='ocrx_word' id='word_1_354' title='bbox 1102 2794 1202 2834; x_wconf 89' lang='lat' dir='ltr'><strong>nec</strong></span> <span class='ocrx_word' id='word_1_355' title='bbox 1229 2778 1529 2834; x_wconf 81' lang='lat' dir='ltr'><strong>substantia</strong></span> <span class='ocrx_word' id='word_1_356' title='bbox 1553 2775 1669 2846; x_wconf 81' lang='lat' dir='ltr'><strong>eius</strong></span> <span class='ocrx_word' id='word_1_357' title='bbox 1688 2789 1917 2845; x_wconf 89' lang='lat' dir='ltr'><strong>usquam</strong></span> 
     </span>
    </p>
   </div>
   <div class='ocr_carea' id='block_1_45' title="bbox 331 2864 1919 2941">
    <p class='ocr_par' dir='ltr' id='par_1_45' title="bbox 331 2864 1919 2941">
     <span class='ocr_line' id='line_1_45' title="bbox 331 2864 1919 2941; baseline -0.006 -11"><span class='ocrx_word' id='word_1_358' title='bbox 331 2872 406 2930; x_wconf 72' lang='lat' dir='ltr'><strong>sit</strong></span> <span class='ocrx_word' id='word_1_359' title='bbox 444 2870 560 2927; x_wconf 80' lang='lat' dir='ltr'><strong>nisi</strong></span> <span class='ocrx_word' id='word_1_360' title='bbox 594 2870 650 2926; x_wconf 89' lang='lat' dir='ltr'><strong>in</strong></span> <span class='ocrx_word' id='word_1_361' title='bbox 670 2885 841 2940; x_wconf 86' lang='lat' dir='ltr'><strong>opere</strong></span> <span class='ocrx_word' id='word_1_362' title='bbox 862 2878 918 2926; x_wconf 86' lang='lat' dir='ltr'><strong>et</strong></span> <span class='ocrx_word' id='word_1_363' title='bbox 962 2871 1147 2941; x_wconf 77' lang='lat' dir='ltr'><strong>gestis.</strong></span> <span class='ocrx_word' id='word_1_364' title='bbox 1194 2869 1438 2939; x_wconf 72' lang='lat' dir='ltr'><strong>Requiro</strong></span> <span class='ocrx_word' id='word_1_365' title='bbox 1477 2874 1657 2922; x_wconf 88' lang='lat' dir='ltr'><strong>autem</strong></span> <span class='ocrx_word' id='word_1_366' title='bbox 1691 2881 1789 2921; x_wconf 90' lang='lat' dir='ltr'><strong>cur</strong></span> <span class='ocrx_word' id='word_1_367' title='bbox 1824 2864 1919 2920; x_wconf 55' lang='lat' dir='ltr'><strong>ad-</strong></span> 
     </span>
    </p>
   </div>
   <div class='ocr_carea' id='block_1_46' title="bbox 331 2952 1917 3032">
    <p class='ocr_par' dir='ltr' id='par_1_46' title="bbox 331 2952 1917 3032">
     <span class='ocr_line' id='line_1_46' title="bbox 331 2952 1917 3032; baseline -0.007 -14"><span class='ocrx_word' id='word_1_368' title='bbox 331 2962 555 3028; x_wconf 62' lang='lat' dir='ltr'><strong>ﬁderit,</strong></span> <span class='ocrx_word' id='word_1_369' title='bbox 581 2962 641 3015; x_wconf 79' lang='lat' dir='ltr'><strong>in</strong></span> <span class='ocrx_word' id='word_1_370' title='bbox 663 2954 878 3032; x_wconf 73' lang='lat' dir='ltr'><strong>corpore</strong></span> <span class='ocrx_word' id='word_1_371' title='bbox 902 2971 1069 3016; x_wconf 74' lang='lat' dir='ltr'><strong>vestro</strong></span> <span class='ocrx_word' id='word_1_372' title='bbox 1104 2954 1348 3025; x_wconf 78' lang='lat' dir='ltr'><strong>mortali,</strong></span> <span class='ocrx_word' id='word_1_373' title='bbox 1394 2973 1517 3014; x_wconf 91' lang='lat' dir='ltr'><strong>cum</strong></span> <span class='ocrx_word' id='word_1_374' title='bbox 1543 2958 1730 3026; x_wconf 85' lang='lat' dir='ltr'><strong>utique</strong></span> <span class='ocrx_word' id='word_1_375' title='bbox 1768 2952 1917 3010; x_wconf 72' lang='lat' dir='ltr'><strong>sum—</strong></span> 
     </span>
    </p>
   </div>
   <div class='ocr_carea' id='block_1_47' title="bbox 330 3048 1920 3123">
    <p class='ocr_par' dir='ltr' id='par_1_47' title="bbox 330 3048 1920 3123">
     <span class='ocr_line' id='line_1_47' title="bbox 330 3048 1920 3123; baseline -0.006 -14"><span class='ocrx_word' id='word_1_376' title='bbox 330 3060 483 3109; x_wconf 74' lang='lat' dir='ltr'><strong>eerct</strong></span> <span class='ocrx_word' id='word_1_377' title='bbox 511 3051 720 3117; x_wconf 85' lang='lat' dir='ltr'><strong>dicere,</strong></span> <span class='ocrx_word' id='word_1_378' title='bbox 758 3066 866 3108; x_wconf 87' lang='lat' dir='ltr'><strong>non</strong></span> <span class='ocrx_word' id='word_1_379' title='bbox 894 3061 1025 3123; x_wconf 85' lang='lat' dir='ltr'><strong>ergo</strong></span> <span class='ocrx_word' id='word_1_380' title='bbox 1050 3058 1240 3122; x_wconf 71' lang='lat' dir='ltr'><strong>mgnet</strong></span> <span class='ocrx_word' id='word_1_381' title='bbox 1274 3056 1561 3119; x_wconf 83' lang='lat' dir='ltr'><strong>peccatum</strong></span> <span class='ocrx_word' id='word_1_382' title='bbox 1602 3048 1660 3102; x_wconf 85' lang='lat' dir='ltr'><strong>in</strong></span> <span class='ocrx_word' id='word_1_383' title='bbox 1693 3059 1920 3115; x_wconf 87' lang='lat' dir='ltr'><strong>corpore</strong></span> 
     </span>
    </p>
   </div>
   <div class='ocr_carea' id='block_1_48' title="bbox 331 3137 1919 3215">
    <p class='ocr_par' dir='ltr' id='par_1_48' title="bbox 331 3137 1919 3215">
     <span class='ocr_line' id='line_1_48' title="bbox 331 3137 1919 3215; baseline -0.004 -15"><span class='ocrx_word' id='word_1_384' title='bbox 331 3151 534 3203; x_wconf 69' lang='lat' dir='ltr'><strong>rostro.</strong></span> <span class='ocrx_word' id='word_1_385' title='bbox 571 3144 640 3202; x_wconf 74' lang='lat' dir='ltr'><strong>Ut</strong></span> <span class='ocrx_word' id='word_1_386' title='bbox 665 3144 796 3215; x_wconf 88' lang='lat' dir='ltr'><strong>quid</strong></span> <span class='ocrx_word' id='word_1_387' title='bbox 842 3144 1058 3199; x_wconf 82' lang='lat' dir='ltr'><strong>additur</strong></span> <span class='ocrx_word' id='word_1_388' title='bbox 1084 3138 1139 3200; x_wconf 85' lang='lat' dir='ltr'><strong>et</strong></span> <span class='ocrx_word' id='word_1_389' title='bbox 1164 3142 1396 3206; x_wconf 75' lang='lat' dir='ltr'><strong>mortali,</strong></span> <span class='ocrx_word' id='word_1_390' title='bbox 1427 3140 1583 3211; x_wconf 88' lang='lat' dir='ltr'><strong>quasi</strong></span> <span class='ocrx_word' id='word_1_391' title='bbox 1606 3152 1738 3194; x_wconf 87' lang='lat' dir='ltr'><strong>vero</strong></span> <span class='ocrx_word' id='word_1_392' title='bbox 1768 3137 1919 3193; x_wconf 79' lang='lat' dir='ltr'><strong>dubi-</strong></span> 
     </span>
    </p>
   </div>
   <div class='ocr_carea' id='block_1_49' title="bbox 2014 1961 3603 2036">
    <p class='ocr_par' dir='ltr' id='par_1_49' title="bbox 2014 1961 3603 2036">
     <span class='ocr_line' id='line_1_49' title="bbox 2014 1961 3603 2036; baseline -0.003 -17"><span class='ocrx_word' id='word_1_393' title='bbox 2014 1972 2192 2036; x_wconf 87' lang='lat' dir='ltr'><strong>negat,</strong></span> <span class='ocrx_word' id='word_1_394' title='bbox 2226 1965 2352 2020; x_wconf 91' lang='lat' dir='ltr'><strong>dum</strong></span> <span class='ocrx_word' id='word_1_395' title='bbox 2382 1966 2497 2020; x_wconf 87' lang='lat' dir='ltr'><strong>sine</strong></span> <span class='ocrx_word' id='word_1_396' title='bbox 2527 1974 2752 2035; x_wconf 87' lang='lat' dir='ltr'><strong>parente</strong></span> <span class='ocrx_word' id='word_1_397' title='bbox 2804 1965 2914 2019; x_wconf 91' lang='lat' dir='ltr'><strong>Deo</strong></span> <span class='ocrx_word' id='word_1_398' title='bbox 2971 1978 3090 2019; x_wconf 89' lang='lat' dir='ltr'><strong>esse</strong></span> <span class='ocrx_word' id='word_1_399' title='bbox 3123 1979 3182 2018; x_wconf 92' lang='lat' dir='ltr'><strong>se</strong></span> <span class='ocrx_word' id='word_1_400' title='bbox 3211 1972 3383 2033; x_wconf 87' lang='lat' dir='ltr'><strong>putat.</strong></span> <span class='ocrx_word' id='word_1_401' title='bbox 3418 1961 3603 2034; x_wconf 90' lang='lat' dir='ltr'><strong>Itaque</strong></span> 
     </span>
    </p>
   </div>
   <div class='ocr_carea' id='block_1_50' title="bbox 2015 2053 3604 2126">
    <p class='ocr_par' dir='ltr' id='par_1_50' title="bbox 2015 2053 3604 2126">
     <span class='ocr_line' id='line_1_50' title="bbox 2015 2053 3604 2126; baseline -0.002 -17"><span class='ocrx_word' id='word_1_402' title='bbox 2015 2055 2318 2126; x_wconf 88' lang='lat' dir='ltr'><strong>ignorantia</strong></span> <span class='ocrx_word' id='word_1_403' title='bbox 2382 2062 2438 2109; x_wconf 91' lang='lat' dir='ltr'><strong>et</strong></span> <span class='ocrx_word' id='word_1_404' title='bbox 2477 2056 2648 2125; x_wconf 90' lang='lat' dir='ltr'><strong>turpis</strong></span> <span class='ocrx_word' id='word_1_405' title='bbox 2686 2055 2796 2109; x_wconf 87' lang='lat' dir='ltr'><strong>vita</strong></span> <span class='ocrx_word' id='word_1_406' title='bbox 2830 2069 2978 2110; x_wconf 88' lang='lat' dir='ltr'><strong>mors</strong></span> <span class='ocrx_word' id='word_1_407' title='bbox 3025 2063 3141 2120; x_wconf 91' lang='lat' dir='ltr'><strong>est;</strong></span> <span class='ocrx_word' id='word_1_408' title='bbox 3172 2053 3301 2107; x_wconf 91' lang='lat' dir='ltr'><strong>vitia</strong></span> <span class='ocrx_word' id='word_1_409' title='bbox 3333 2068 3456 2107; x_wconf 91' lang='lat' dir='ltr'><strong>eum</strong></span> <span class='ocrx_word' id='word_1_410' title='bbox 3500 2053 3604 2107; x_wconf 85' lang='lat' dir='ltr'><strong>ista</strong></span> 
     </span>
    </p>
   </div>
   <div class='ocr_carea' id='block_1_51' title="bbox 2015 2143 3604 2214">
    <p class='ocr_par' dir='ltr' id='par_1_51' title="bbox 2015 2143 3604 2214">
     <span class='ocr_line' id='line_1_51' title="bbox 2015 2143 3604 2214; baseline -0.004 -13"><span class='ocrx_word' id='word_1_411' title='bbox 2015 2154 2243 2201; x_wconf 90' lang='lat' dir='ltr'><strong>mortem</strong></span> <span class='ocrx_word' id='word_1_412' title='bbox 2297 2144 2615 2214; x_wconf 86' lang='lat' dir='ltr'><strong>acquirunt,</strong></span> <span class='ocrx_word' id='word_1_413' title='bbox 2665 2159 2772 2199; x_wconf 90' lang='lat' dir='ltr'><strong>non</strong></span> <span class='ocrx_word' id='word_1_414' title='bbox 2820 2151 3053 2198; x_wconf 90' lang='lat' dir='ltr'><strong>mortem</strong></span> <span class='ocrx_word' id='word_1_415' title='bbox 3108 2143 3247 2197; x_wconf 88' lang='lat' dir='ltr'><strong>hanc</strong></span> <span class='ocrx_word' id='word_1_416' title='bbox 3289 2157 3411 2212; x_wconf 82' lang='lat' dir='ltr'><strong>quae</strong></span> <span class='ocrx_word' id='word_1_417' title='bbox 3459 2156 3604 2195; x_wconf 88' lang='lat' dir='ltr'><strong>com-</strong></span> 
     </span>
    </p>
   </div>
   <div class='ocr_carea' id='block_1_52' title="bbox 2018 2233 3608 2305">
    <p class='ocr_par' dir='ltr' id='par_1_52' title="bbox 2018 2233 3608 2305">
     <span class='ocr_line' id='line_1_52' title="bbox 2018 2233 3608 2305; baseline -0.004 -13"><span class='ocrx_word' id='word_1_418' title='bbox 2018 2235 2196 2292; x_wconf 88' lang='lat' dir='ltr'><strong>munis</strong></span> <span class='ocrx_word' id='word_1_419' title='bbox 2244 2243 2328 2292; x_wconf 92' lang='lat' dir='ltr'><strong>est</strong></span> <span class='ocrx_word' id='word_1_420' title='bbox 2379 2236 2661 2301; x_wconf 90' lang='lat' dir='ltr'><strong>omnibus,</strong></span> <span class='ocrx_word' id='word_1_421' title='bbox 2704 2236 2801 2291; x_wconf 91' lang='lat' dir='ltr'><strong>sed</strong></span> <span class='ocrx_word' id='word_1_422' title='bbox 2849 2243 3079 2291; x_wconf 90' lang='lat' dir='ltr'><strong>mortem</strong></span> <span class='ocrx_word' id='word_1_423' title='bbox 3124 2236 3415 2305; x_wconf 57' lang='lat' dir='ltr'><strong>gehennae,</strong></span> <span class='ocrx_word' id='word_1_424' title='bbox 3467 2233 3608 2287; x_wconf 90' lang='lat' dir='ltr'><strong>sicut</strong></span> 
     </span>
    </p>
   </div>
   <div class='ocr_carea' id='block_1_53' title="bbox 2016 2327 3607 2407">
    <p class='ocr_par' dir='ltr' id='par_1_53' title="bbox 2016 2327 3607 2407">
     <span class='ocr_line' id='line_1_53' title="bbox 2016 2327 3607 2407; baseline -0.004 -21"><span class='ocrx_word' id='word_1_425' title='bbox 2016 2345 2179 2400; x_wconf 88' lang='lat' dir='ltr'><strong>supra</strong></span> <span class='ocrx_word' id='word_1_426' title='bbox 2206 2330 2501 2391; x_wconf 79' lang='lat' dir='ltr'><strong>memoravi</strong></span> <span class='ocrx_word' id='word_1_427' title='bbox 2530 2346 2544 2396; x_wconf 89' lang='lat'><strong>;</strong></span> <span class='ocrx_word' id='word_1_428' title='bbox 2579 2337 2637 2385; x_wconf 91' lang='lat' dir='ltr'><strong>ut</strong></span> <span class='ocrx_word' id='word_1_429' title='bbox 2667 2329 2905 2400; x_wconf 87' lang='lat' dir='ltr'><strong>cognitio</strong></span> <span class='ocrx_word' id='word_1_430' title='bbox 2927 2328 3170 2400; x_wconf 88' lang='lat' dir='ltr'><strong>parentis</strong></span> <span class='ocrx_word' id='word_1_431' title='bbox 3196 2327 3312 2391; x_wconf 89' lang='lat' dir='ltr'><strong>Dei,</strong></span> <span class='ocrx_word' id='word_1_432' title='bbox 3337 2335 3391 2381; x_wconf 90' lang='lat' dir='ltr'><strong>et</strong></span> <span class='ocrx_word' id='word_1_433' title='bbox 3419 2332 3607 2407; x_wconf 84' lang='lat' dir='ltr'><strong>sancta</strong></span> 
     </span>
    </p>
   </div>
   <div class='ocr_carea' id='block_1_54' title="bbox 2018 2416 3603 2492">
    <p class='ocr_par' dir='ltr' id='par_1_54' title="bbox 2018 2416 3603 2492">
     <span class='ocr_line' id='line_1_54' title="bbox 2018 2416 3603 2492; baseline -0.004 -15"><span class='ocrx_word' id='word_1_434' title='bbox 2018 2423 2356 2477; x_wconf 78' lang='lat' dir='ltr'><strong>conversatio</strong></span> <span class='ocrx_word' id='word_1_435' title='bbox 2398 2424 2467 2477; x_wconf 90' lang='lat' dir='ltr'><strong>sit</strong></span> <span class='ocrx_word' id='word_1_436' title='bbox 2523 2424 2654 2491; x_wconf 90' lang='lat' dir='ltr'><strong>vita,</strong></span> <span class='ocrx_word' id='word_1_437' title='bbox 2691 2437 2798 2477; x_wconf 86' lang='lat' dir='ltr'><strong>non</strong></span> <span class='ocrx_word' id='word_1_438' title='bbox 2842 2422 2957 2477; x_wconf 74' lang='lat' dir='ltr'><strong>haec</strong></span> <span class='ocrx_word' id='word_1_439' title='bbox 2997 2436 3116 2492; x_wconf 79' lang='lat' dir='ltr'><strong>quae</strong></span> <span class='ocrx_word' id='word_1_440' title='bbox 3165 2418 3380 2474; x_wconf 90' lang='lat' dir='ltr'><strong>occasui</strong></span> <span class='ocrx_word' id='word_1_441' title='bbox 3420 2416 3603 2487; x_wconf 85' lang='lat' dir='ltr'><strong>subia-</strong></span> 
     </span>
    </p>
   </div>
   <div class='ocr_carea' id='block_1_55' title="bbox 2019 2510 3603 2581">
    <p class='ocr_par' dir='ltr' id='par_1_55' title="bbox 2019 2510 3603 2581">
     <span class='ocr_line' id='line_1_55' title="bbox 2019 2510 3603 2581; baseline -0.003 -16"><span class='ocrx_word' id='word_1_442' title='bbox 2019 2518 2127 2575; x_wconf 90' lang='lat' dir='ltr'><strong>cet,</strong></span> <span class='ocrx_word' id='word_1_443' title='bbox 2178 2510 2273 2573; x_wconf 85' lang='lat' dir='ltr'><strong>sed</strong></span> <span class='ocrx_word' id='word_1_444' title='bbox 2323 2510 2411 2565; x_wconf 87' lang='lat' dir='ltr'><strong>illa</strong></span> <span class='ocrx_word' id='word_1_445' title='bbox 2459 2510 2626 2565; x_wconf 80' lang='lat' dir='ltr'><strong>futuri</strong></span> <span class='ocrx_word' id='word_1_446' title='bbox 2684 2511 2884 2576; x_wconf 76' lang='lat' dir='ltr'><strong>saeculi,</strong></span> <span class='ocrx_word' id='word_1_447' title='bbox 2937 2526 3057 2581; x_wconf 75' lang='lat' dir='ltr'><strong>qua:</strong></span> <span class='ocrx_word' id='word_1_448' title='bbox 3109 2517 3332 2569; x_wconf 84' lang='lat' dir='ltr'><strong>vocatur</strong></span> <span class='ocrx_word' id='word_1_449' title='bbox 3376 2517 3603 2564; x_wconf 83' lang='lat' dir='ltr'><strong>aeterna.</strong></span> 
     </span>
    </p>
   </div>
   <div class='ocr_carea' id='block_1_56' title="bbox 2021 2590 3611 2671">
    <p class='ocr_par' dir='ltr' id='par_1_56' title="bbox 2021 2590 3611 2671">
     <span class='ocr_line' id='line_1_56' title="bbox 2021 2590 3611 2671; baseline -0.001 -17"><span class='ocrx_word' id='word_1_450' title='bbox 2021 2590 2381 2667; x_wconf 82' lang='lat' dir='ltr'><strong>Quamobrem</strong></span> <span class='ocrx_word' id='word_1_451' title='bbox 2425 2601 2658 2656; x_wconf 71' lang='lat' dir='ltr'><strong>exhibete</strong></span> <span class='ocrx_word' id='word_1_452' title='bbox 2707 2619 2797 2656; x_wconf 89' lang='lat' dir='ltr'><strong>vos</strong></span> <span class='ocrx_word' id='word_1_453' title='bbox 2826 2601 2959 2668; x_wconf 89' lang='lat' dir='ltr'><strong>Deo,</strong></span> <span class='ocrx_word' id='word_1_454' title='bbox 2991 2601 3185 2671; x_wconf 88' lang='lat' dir='ltr'><strong>inquit,</strong></span> <span class='ocrx_word' id='word_1_455' title='bbox 3217 2616 3378 2671; x_wconf 88' lang='lat' dir='ltr'><strong>quem</strong></span> <span class='ocrx_word' id='word_1_456' title='bbox 3413 2614 3611 2670; x_wconf 87' lang='lat' dir='ltr'><strong>cogno-</strong></span> 
     </span>
    </p>
   </div>
   <div class='ocr_carea' id='block_1_57' title="bbox 2019 2692 3611 2764">
    <p class='ocr_par' dir='ltr' id='par_1_57' title="bbox 2019 2692 3611 2764">
     <span class='ocr_line' id='line_1_57' title="bbox 2019 2692 3611 2764; baseline 0 -17"><span class='ocrx_word' id='word_1_457' title='bbox 2019 2700 2233 2748; x_wconf 90' lang='lat' dir='ltr'><strong>scentes</strong></span> <span class='ocrx_word' id='word_1_458' title='bbox 2281 2693 2587 2764; x_wconf 81' lang='lat' dir='ltr'><strong>profecistis</strong></span> <span class='ocrx_word' id='word_1_459' title='bbox 2634 2695 2688 2748; x_wconf 93' lang='lat' dir='ltr'><strong>in</strong></span> <span class='ocrx_word' id='word_1_460' title='bbox 2738 2695 2987 2759; x_wconf 87' lang='lat' dir='ltr'><strong>salutem,</strong></span> <span class='ocrx_word' id='word_1_461' title='bbox 3038 2702 3096 2749; x_wconf 93' lang='lat' dir='ltr'><strong>ut</strong></span> <span class='ocrx_word' id='word_1_462' title='bbox 3144 2692 3440 2759; x_wconf 57' lang='lat' dir='ltr'><strong>inhonestae</strong></span> <span class='ocrx_word' id='word_1_463' title='bbox 3486 2692 3611 2747; x_wconf 52' lang='lat' dir='ltr'><strong>vita),</strong></span> 
     </span>
    </p>
   </div>
   <div class='ocr_carea' id='block_1_58' title="bbox 2022 2772 3613 2850">
    <p class='ocr_par' dir='ltr' id='par_1_58' title="bbox 2022 2772 3613 2850">
     <span class='ocr_line' id='line_1_58' title="bbox 2022 2772 3613 2850; baseline 0.001 -14"><span class='ocrx_word' id='word_1_464' title='bbox 2022 2783 2419 2850; x_wconf 87' lang='lat' dir='ltr'><strong>renuntiantes,</strong></span> <span class='ocrx_word' id='word_1_465' title='bbox 2440 2785 2633 2841; x_wconf 87' lang='lat' dir='ltr'><strong>essetis</strong></span> <span class='ocrx_word' id='word_1_466' title='bbox 2655 2800 2722 2841; x_wconf 78' lang='lat' dir='ltr'><strong>ex</strong></span> <span class='ocrx_word' id='word_1_467' title='bbox 2747 2786 2975 2840; x_wconf 90' lang='lat' dir='ltr'><strong>mortuis</strong></span> <span class='ocrx_word' id='word_1_468' title='bbox 3001 2772 3262 2841; x_wconf 88' lang='lat' dir='ltr'><strong>viventes.</strong></span> <span class='ocrx_word' id='word_1_469' title='bbox 3295 2785 3363 2839; x_wconf 86' lang='lat' dir='ltr'><strong>Et</strong></span> <span class='ocrx_word' id='word_1_470' title='bbox 3382 2784 3613 2839; x_wconf 86' lang='lat' dir='ltr'><strong>membra</strong></span> 
     </span>
    </p>
   </div>
   <div class='ocr_carea' id='block_1_59' title="bbox 2023 2875 3609 2949">
    <p class='ocr_par' dir='ltr' id='par_1_59' title="bbox 2023 2875 3609 2949">
     <span class='ocr_line' id='line_1_59' title="bbox 2023 2875 3609 2949; baseline 0.002 -22"><span class='ocrx_word' id='word_1_471' title='bbox 2023 2884 2194 2928; x_wconf 64' lang='lat' dir='ltr'><strong>vestita</strong></span> <span class='ocrx_word' id='word_1_472' title='bbox 2237 2892 2385 2930; x_wconf 86' lang='lat' dir='ltr'><strong>arma</strong></span> <span class='ocrx_word' id='word_1_473' title='bbox 2419 2877 2646 2946; x_wconf 69' lang='lat' dir='ltr'><strong>justitia:</strong></span> <span class='ocrx_word' id='word_1_474' title='bbox 2696 2877 2824 2931; x_wconf 86' lang='lat' dir='ltr'><strong>Deo.</strong></span> <span class='ocrx_word' id='word_1_475' title='bbox 2858 2875 3030 2931; x_wconf 89' lang='lat' dir='ltr'><strong>Tanta</strong></span> <span class='ocrx_word' id='word_1_476' title='bbox 3060 2893 3158 2932; x_wconf 89' lang='lat' dir='ltr'><strong>nos</strong></span> <span class='ocrx_word' id='word_1_477' title='bbox 3188 2875 3454 2949; x_wconf 84' lang='lat' dir='ltr'><strong>modestia</strong></span> <span class='ocrx_word' id='word_1_478' title='bbox 3478 2892 3609 2943; x_wconf 83' lang='lat' dir='ltr'><strong>con-</strong></span> 
     </span>
    </p>
   </div>
   <div class='ocr_carea' id='block_1_60' title="bbox 2024 2950 3614 3047">
    <p class='ocr_par' dir='ltr' id='par_1_60' title="bbox 2024 2950 3614 3047">
     <span class='ocr_line' id='line_1_60' title="bbox 2024 2950 3614 3047; baseline 0.002 -29"><span class='ocrx_word' id='word_1_479' title='bbox 2024 2966 2389 3021; x_wconf 90' lang='lat' dir='ltr'><strong>versationem</strong></span> <span class='ocrx_word' id='word_1_480' title='bbox 2412 2977 2651 3023; x_wconf 88' lang='lat' dir='ltr'><strong>nostram</strong></span> <span class='ocrx_word' id='word_1_481' title='bbox 2680 2968 2793 3023; x_wconf 90' lang='lat' dir='ltr'><strong>vult</strong></span> <span class='ocrx_word' id='word_1_482' title='bbox 2817 2969 3138 3047; x_wconf 82' lang='lat' dir='ltr'><strong>gubernare,</strong></span> <span class='ocrx_word' id='word_1_483' title='bbox 3162 2977 3222 3023; x_wconf 91' lang='lat' dir='ltr'><strong>ut</strong></span> <span class='ocrx_word' id='word_1_484' title='bbox 3257 2976 3410 3047; x_wconf 80' lang='lat' dir='ltr'><strong>actus</strong></span> <span class='ocrx_word' id='word_1_485' title='bbox 3432 2950 3614 3035; x_wconf 69' lang='lat' dir='ltr'><strong>nostri</strong></span> 
     </span>
    </p>
   </div>
   <div class='ocr_carea' id='block_1_61' title="bbox 2020 3058 3616 3133">
    <p class='ocr_par' dir='ltr' id='par_1_61' title="bbox 2020 3058 3616 3133">
     <span class='ocr_line' id='line_1_61' title="bbox 2020 3058 3616 3133; baseline 0.002 -20"><span class='ocrx_word' id='word_1_486' title='bbox 2020 3058 2245 3130; x_wconf 82' lang='lat' dir='ltr'><strong>iustitiae</strong></span> <span class='ocrx_word' id='word_1_487' title='bbox 2298 3060 2391 3116; x_wconf 90' lang='lat' dir='ltr'><strong>Dei</strong></span> <span class='ocrx_word' id='word_1_488' title='bbox 2446 3060 2840 3132; x_wconf 89' lang='lat' dir='ltr'><strong>proﬁcientes,</strong></span> <span class='ocrx_word' id='word_1_489' title='bbox 2891 3078 2999 3118; x_wconf 88' lang='lat' dir='ltr'><strong>non</strong></span> <span class='ocrx_word' id='word_1_490' title='bbox 3046 3061 3336 3120; x_wconf 76' lang='lat' dir='ltr'><strong>mundana:</strong></span> <span class='ocrx_word' id='word_1_491' title='bbox 3386 3061 3616 3133; x_wconf 62' lang='lat' dir='ltr'><strong>iustitiae</strong></span> 
     </span>
    </p>
   </div>
   <div class='ocr_carea' id='block_1_62' title="bbox 2026 3146 3614 3227">
    <p class='ocr_par' dir='ltr' id='par_1_62' title="bbox 2026 3146 3614 3227">
     <span class='ocr_line' id='line_1_62' title="bbox 2026 3146 3614 3227; baseline 0.001 -24"><span class='ocrx_word' id='word_1_492' title='bbox 2026 3146 2175 3219; x_wconf 89' lang='lat' dir='ltr'><strong>(quia</strong></span> <span class='ocrx_word' id='word_1_493' title='bbox 2204 3151 2388 3219; x_wconf 84' lang='lat' dir='ltr'><strong>mundi</strong></span> <span class='ocrx_word' id='word_1_494' title='bbox 2418 3149 2631 3221; x_wconf 84' lang='lat' dir='ltr'><strong>justitia</strong></span> <span class='ocrx_word' id='word_1_495' title='bbox 2661 3153 2779 3208; x_wconf 92' lang='lat' dir='ltr'><strong>sine</strong></span> <span class='ocrx_word' id='word_1_496' title='bbox 2822 3151 2927 3207; x_wconf 91' lang='lat' dir='ltr'><strong>ﬁde</strong></span> <span class='ocrx_word' id='word_1_497' title='bbox 2968 3160 3051 3208; x_wconf 89' lang='lat' dir='ltr'><strong>est</strong></span> <span class='ocrx_word' id='word_1_498' title='bbox 3094 3151 3318 3227; x_wconf 82' lang='lat' dir='ltr'><strong>Christi,</strong></span> <span class='ocrx_word' id='word_1_499' title='bbox 3360 3151 3478 3207; x_wconf 88' lang='lat' dir='ltr'><strong>sine</strong></span> <span class='ocrx_word' id='word_1_500' title='bbox 3507 3166 3614 3225; x_wconf 88' lang='lat' dir='ltr'><strong>qua</strong></span> 
     </span>
    </p>
   </div>
   <div class='ocr_carea' id='block_1_63' title="bbox 328 3218 3613 3325">
    <p class='ocr_par' dir='ltr' id='par_1_63' title="bbox 328 3218 3613 3325">
     <span class='ocr_line' id='line_1_63' title="bbox 328 3218 3613 3325; baseline -0.003 -16"><span class='ocrx_word' id='word_1_501' title='bbox 328 3244 475 3294; x_wconf 61' lang='grc' dir='ltr'><strong>ωε*</strong></span> <span class='ocrx_word' id='word_1_502' title='bbox 500 3238 697 3309; x_wconf 61' lang='lat' dir='ltr'><strong>aliquis</strong></span> <span class='ocrx_word' id='word_1_503' title='bbox 720 3251 920 3309; x_wconf 72' lang='grc' dir='ltr'><strong>θοφπδ</strong></span> <span class='ocrx_word' id='word_1_504' title='bbox 942 3252 1065 3294; x_wconf 71' lang='grc' dir='ltr'><em>θεεθ</em></span> <span class='ocrx_word' id='word_1_505' title='bbox 1084 3235 1365 3293; x_wconf 50' lang='lat' dir='ltr'><strong>mortale?</strong></span> <span class='ocrx_word' id='word_1_506' title='bbox 1386 3232 1500 3290; x_wconf 67' lang='lat' dir='ltr'><strong>sed</strong></span> <span class='ocrx_word' id='word_1_507' title='bbox 1528 3231 1660 3325; x_wconf 52' lang='lat' dir='ltr'><strong>inihi</strong></span> <span class='ocrx_word' id='word_1_508' title='bbox 1682 3230 1917 3325; x_wconf 57' lang='grc' dir='ltr'><strong>νίάςιυν.</strong></span> <span class='ocrx_word' id='word_1_509' title='bbox 1949 3218 1995 3282; x_wconf 83' lang='lat' dir='ltr'>C</span> <span class='ocrx_word' id='word_1_510' title='bbox 2027 3218 2136 3295; x_wconf 89' lang='lat' dir='ltr'><strong>non</strong></span> <span class='ocrx_word' id='word_1_511' title='bbox 2180 3240 2313 3306; x_wconf 87' lang='lat' dir='ltr'><strong>vita,</strong></span> <span class='ocrx_word' id='word_1_512' title='bbox 2341 3218 2435 3298; x_wconf 86' lang='lat' dir='ltr'><strong>sed</strong></span> <span class='ocrx_word' id='word_1_513' title='bbox 2461 3256 2608 3298; x_wconf 90' lang='lat' dir='ltr'><strong>mors</strong></span> <span class='ocrx_word' id='word_1_514' title='bbox 2634 3242 2738 3317; x_wconf 92' lang='lat' dir='ltr'><strong>est)</strong></span> <span class='ocrx_word' id='word_1_515' title='bbox 2755 3283 2771 3310; x_wconf 95' lang='lat'><strong>,</strong></span> <span class='ocrx_word' id='word_1_516' title='bbox 2803 3258 2954 3323; x_wconf 80' lang='lat' dir='ltr'><strong>arma</strong></span> <span class='ocrx_word' id='word_1_517' title='bbox 2976 3222 3279 3314; x_wconf 84' lang='lat' dir='ltr'><strong>praebemus</strong></span> <span class='ocrx_word' id='word_1_518' title='bbox 3304 3218 3385 3299; x_wconf 87' lang='lat' dir='ltr'><strong>illi</strong></span> <span class='ocrx_word' id='word_1_519' title='bbox 3421 3245 3489 3325; x_wconf 82' lang='lat' dir='ltr'><strong>ad</strong></span> <span class='ocrx_word' id='word_1_520' title='bbox 3518 3218 3613 3299; x_wconf 75' lang='lat' dir='ltr'><strong>de-</strong></span> 
     </span>
    </p>
   </div>
   <div class='ocr_carea' id='block_1_64' title="bbox 330 3321 1920 3399">
    <p class='ocr_par' dir='ltr' id='par_1_64' title="bbox 330 3321 1920 3399">
     <span class='ocr_line' id='line_1_64' title="bbox 330 3321 1920 3399; baseline -0.006 -14"><span class='ocrx_word' id='word_1_521' title='bbox 330 3331 477 3399; x_wconf 61' lang='lat' dir='ltr'><strong>‘quod</strong></span> <span class='ocrx_word' id='word_1_522' title='bbox 522 3345 631 3386; x_wconf 79' lang='lat' dir='ltr'><strong>non</strong></span> <span class='ocrx_word' id='word_1_523' title='bbox 673 3331 792 3387; x_wconf 76' lang='lat' dir='ltr'><strong>sine</strong></span> <span class='ocrx_word' id='word_1_524' title='bbox 828 3345 1006 3386; x_wconf 80' lang='lat' dir='ltr'><strong>causa</strong></span> <span class='ocrx_word' id='word_1_525' title='bbox 1034 3330 1199 3385; x_wconf 85' lang='lat' dir='ltr'><strong>etiam</strong></span> <span class='ocrx_word' id='word_1_526' title='bbox 1244 3329 1356 3383; x_wconf 75' lang='lat' dir='ltr'><strong>&#39;hoc</strong></span> <span class='ocrx_word' id='word_1_527' title='bbox 1393 3323 1703 3381; x_wconf 79' lang='lat' dir='ltr'><strong>addiderit:</strong></span> <span class='ocrx_word' id='word_1_528' title='bbox 1735 3321 1920 3399; x_wconf 81' lang='lat' dir='ltr'><strong>admo-</strong></span> 
     </span>
    </p>
   </div>
   <div class='ocr_carea' id='block_1_65' title="bbox 332 3416 1922 3489">
    <p class='ocr_par' dir='ltr' id='par_1_65' title="bbox 332 3416 1922 3489">
     <span class='ocr_line' id='line_1_65' title="bbox 332 3416 1922 3489; baseline -0.004 -17"><span class='ocrx_word' id='word_1_529' title='bbox 332 3418 458 3472; x_wconf 85' lang='lat' dir='ltr'><strong>nuit</strong></span> <span class='ocrx_word' id='word_1_530' title='bbox 495 3419 641 3473; x_wconf 83' lang='lat' dir='ltr'><strong>enim</strong></span> <span class='ocrx_word' id='word_1_531' title='bbox 686 3433 784 3489; x_wconf 86' lang='lat' dir='ltr'><strong>per</strong></span> <span class='ocrx_word' id='word_1_532' title='bbox 822 3420 950 3486; x_wconf 82' lang='lat' dir='ltr'><strong>hoc,</strong></span> <span class='ocrx_word' id='word_1_533' title='bbox 975 3419 1248 3488; x_wconf 90' lang='lat' dir='ltr'><strong>quomodo</strong></span> <span class='ocrx_word' id='word_1_534' title='bbox 1272 3416 1523 3487; x_wconf 75' lang='lat' dir='ltr'><strong>possitjn</strong></span> <span class='ocrx_word' id='word_1_535' title='bbox 1556 3427 1784 3484; x_wconf 88' lang='lat' dir='ltr'><strong>corpore</strong></span> <span class='ocrx_word' id='word_1_536' title='bbox 1811 3426 1922 3467; x_wconf 89' lang='lat' dir='ltr'><strong>non</strong></span> 
     </span>
    </p>
   </div>
   <div class='ocr_carea' id='block_1_66' title="bbox 337 3504 1922 3581">
    <p class='ocr_par' dir='ltr' id='par_1_66' title="bbox 337 3504 1922 3581">
     <span class='ocr_line' id='line_1_66' title="bbox 337 3504 1922 3581; baseline -0.005 -15"><span class='ocrx_word' id='word_1_537' title='bbox 337 3525 567 3580; x_wconf 76' lang='lat' dir='ltr'><strong>regnare</strong></span> <span class='ocrx_word' id='word_1_538' title='bbox 614 3519 934 3581; x_wconf 84' lang='lat' dir='ltr'><strong>peccatum,</strong></span> <span class='ocrx_word' id='word_1_539' title='bbox 983 3511 1282 3566; x_wconf 86' lang='lat' dir='ltr'><strong>secundum</strong></span> <span class='ocrx_word' id='word_1_540' title='bbox 1336 3509 1479 3579; x_wconf 90' lang='lat' dir='ltr'><strong>quod</strong></span> <span class='ocrx_word' id='word_1_541' title='bbox 1522 3516 1577 3562; x_wconf 91' lang='lat' dir='ltr'><strong>et</strong></span> <span class='ocrx_word' id='word_1_542' title='bbox 1629 3505 1757 3561; x_wconf 86' lang='lat' dir='ltr'><strong>alibi</strong></span> <span class='ocrx_word' id='word_1_543' title='bbox 1806 3504 1922 3574; x_wconf 90' lang='lat' dir='ltr'><strong>ipse</strong></span> 
     </span>
    </p>
   </div>
   <div class='ocr_carea' id='block_1_67' title="bbox 337 3592 1918 3673">
    <p class='ocr_par' dir='ltr' id='par_1_67' title="bbox 337 3592 1918 3673">
     <span class='ocr_line' id='line_1_67' title="bbox 337 3592 1918 3673; baseline -0.006 -15"><span class='ocrx_word' id='word_1_544' title='bbox 337 3602 549 3658; x_wconf 78' lang='lat' dir='ltr'><strong>dixerat</strong></span> <span class='ocrx_word' id='word_1_545' title='bbox 564 3621 579 3655; x_wconf 83' lang='lat'>:</span> <span class='ocrx_word' id='word_1_546' title='bbox 597 3592 801 3673; x_wconf 70' lang='lat' dir='ltr'><strong>Corpus</strong></span> <span class='ocrx_word' id='word_1_547' title='bbox 811 3603 1020 3673; x_wconf 78' lang='lat' dir='ltr'><strong>quidem</strong></span> <span class='ocrx_word' id='word_1_548' title='bbox 1032 3610 1295 3656; x_wconf 79' lang='lat' dir='ltr'><strong>mortuum</strong></span> <span class='ocrx_word' id='word_1_549' title='bbox 1308 3609 1382 3655; x_wconf 83' lang='lat' dir='ltr'><strong>est</strong></span> <span class='ocrx_word' id='word_1_550' title='bbox 1398 3606 1610 3670; x_wconf 83' lang='lat' dir='ltr'><strong>propter</strong></span> <span class='ocrx_word' id='word_1_551' title='bbox 1623 3594 1918 3668; x_wconf 81' lang='lat' dir='ltr'><strong>peccatum,</strong></span> 
     </span>
    </p>
   </div>
   <div class='ocr_carea' id='block_1_68' title="bbox 338 3687 1922 3766">
    <p class='ocr_par' dir='ltr' id='par_1_68' title="bbox 338 3687 1922 3766">
     <span class='ocr_line' id='line_1_68' title="bbox 338 3687 1922 3766; baseline -0.004 -19"><span class='ocrx_word' id='word_1_552' title='bbox 338 3695 555 3765; x_wconf 73' lang='lat' dir='ltr'><strong>spiritus</strong></span> <span class='ocrx_word' id='word_1_553' title='bbox 572 3709 696 3749; x_wconf 74' lang='lat' dir='ltr'><strong>vero</strong></span> <span class='ocrx_word' id='word_1_554' title='bbox 720 3695 824 3749; x_wconf 76' lang='lat' dir='ltr'><strong>vita</strong></span> <span class='ocrx_word' id='word_1_555' title='bbox 845 3704 921 3749; x_wconf 88' lang='lat' dir='ltr'><strong>est</strong></span> <span class='ocrx_word' id='word_1_556' title='bbox 933 3701 1140 3766; x_wconf 79' lang='lat' dir='ltr'><strong>propter</strong></span> <span class='ocrx_word' id='word_1_557' title='bbox 1152 3692 1443 3764; x_wconf 75' lang='lat' dir='ltr'><strong>justitiam.</strong></span> <span class='ocrx_word' id='word_1_558' title='bbox 1462 3690 1521 3746; x_wconf 89' lang='lat' dir='ltr'><strong>Si</strong></span> <span class='ocrx_word' id='word_1_559' title='bbox 1541 3704 1672 3760; x_wconf 82' lang='lat' dir='ltr'><strong>ergo</strong></span> <span class='ocrx_word' id='word_1_560' title='bbox 1685 3687 1922 3744; x_wconf 84' lang='lat' dir='ltr'><strong>sciamus</strong></span> 
     </span>
    </p>
   </div>
   <div class='ocr_carea' id='block_1_69' title="bbox 339 3781 1919 3857">
    <p class='ocr_par' dir='ltr' id='par_1_69' title="bbox 339 3781 1919 3857">
     <span class='ocr_line' id='line_1_69' title="bbox 339 3781 1919 3857; baseline -0.004 -18"><span class='ocrx_word' id='word_1_561' title='bbox 339 3782 471 3853; x_wconf 76' lang='lat' dir='ltr'><strong>quia</strong></span> <span class='ocrx_word' id='word_1_562' title='bbox 489 3796 685 3855; x_wconf 85' lang='lat' dir='ltr'><strong>corpus</strong></span> <span class='ocrx_word' id='word_1_563' title='bbox 708 3792 956 3840; x_wconf 85' lang='lat' dir='ltr'><strong>nostrum</strong></span> <span class='ocrx_word' id='word_1_564' title='bbox 988 3781 1302 3838; x_wconf 84' lang='lat' dir='ltr'><strong>mortiﬁeari</strong></span> <span class='ocrx_word' id='word_1_565' title='bbox 1336 3790 1535 3857; x_wconf 88' lang='lat' dir='ltr'><strong>potest,</strong></span> <span class='ocrx_word' id='word_1_566' title='bbox 1563 3788 1619 3835; x_wconf 90' lang='lat' dir='ltr'><strong>et</strong></span> <span class='ocrx_word' id='word_1_567' title='bbox 1642 3787 1919 3834; x_wconf 86' lang='lat' dir='ltr'><strong>mortuum</strong></span> 
     </span>
    </p>
   </div>
   <div class='ocr_carea' id='block_1_70' title="bbox 277 3874 1922 3951">
    <p class='ocr_par' dir='ltr' id='par_1_70' title="bbox 277 3874 1922 3951">
     <span class='ocr_line' id='line_1_70' title="bbox 277 3874 1922 3951; baseline -0.004 -18"><span class='ocrx_word' id='word_1_568' title='bbox 277 3917 289 3922; x_wconf 49' lang='grc' dir='ltr'><strong>η</strong></span> <span class='ocrx_word' id='word_1_569' title='bbox 340 3888 463 3932; x_wconf 76' lang='lat' dir='ltr'><strong>esse</strong></span> <span class='ocrx_word' id='word_1_570' title='bbox 488 3884 739 3947; x_wconf 83' lang='lat' dir='ltr'><strong>peccato,</strong></span> <span class='ocrx_word' id='word_1_571' title='bbox 768 3885 948 3949; x_wconf 79' lang='lat' dir='ltr'><strong>potest</strong></span> <span class='ocrx_word' id='word_1_572' title='bbox 988 3876 1105 3932; x_wconf 82' lang='lat' dir='ltr'><strong>ﬁeri</strong></span> <span class='ocrx_word' id='word_1_573' title='bbox 1143 3883 1203 3932; x_wconf 90' lang='lat' dir='ltr'><strong>ut</strong></span> <span class='ocrx_word' id='word_1_574' title='bbox 1250 3888 1356 3931; x_wconf 87' lang='lat' dir='ltr'><strong>non</strong></span> <span class='ocrx_word' id='word_1_575' title='bbox 1383 3884 1571 3951; x_wconf 82' lang='lat' dir='ltr'><strong>regnet</strong></span> <span class='ocrx_word' id='word_1_576' title='bbox 1598 3874 1651 3928; x_wconf 92' lang='lat' dir='ltr'><strong>in</strong></span> <span class='ocrx_word' id='word_1_577' title='bbox 1682 3887 1747 3929; x_wconf 91' lang='lat' dir='ltr'><strong>eo</strong></span> <span class='ocrx_word' id='word_1_578' title='bbox 1791 3886 1922 3942; x_wconf 86' lang='lat' dir='ltr'><strong>pec-</strong></span> 
     </span>
    </p>
   </div>
   <div class='ocr_carea' id='block_1_71' title="bbox 340 3962 1927 4040">
    <p class='ocr_par' dir='ltr' id='par_1_71' title="bbox 340 3962 1927 4040">
     <span class='ocr_line' id='line_1_71' title="bbox 340 3962 1927 4040; baseline -0.001 -20"><span class='ocrx_word' id='word_1_579' title='bbox 340 3973 541 4021; x_wconf 77' lang='lat' dir='ltr'><strong>eatum.</strong></span> <span class='ocrx_word' id='word_1_580' title='bbox 564 3962 882 4024; x_wconf 63' lang='lat' dir='ltr'><strong>Secundum</strong></span> <span class='ocrx_word' id='word_1_581' title='bbox 920 3969 1027 4024; x_wconf 88' lang='lat' dir='ltr'><strong>hoc</strong></span> <span class='ocrx_word' id='word_1_582' title='bbox 1054 3982 1288 4039; x_wconf 88' lang='lat' dir='ltr'><strong>namque</strong></span> <span class='ocrx_word' id='word_1_583' title='bbox 1313 3967 1405 4037; x_wconf 88' lang='lat' dir='ltr'><strong>qui</strong></span> <span class='ocrx_word' id='word_1_584' title='bbox 1431 3973 1677 4022; x_wconf 86' lang='lat' dir='ltr'><strong>mortuus</strong></span> <span class='ocrx_word' id='word_1_585' title='bbox 1702 3972 1785 4020; x_wconf 90' lang='lat' dir='ltr'><strong>est</strong></span> <span class='ocrx_word' id='word_1_586' title='bbox 1802 4005 1815 4032; x_wconf 93' lang='lat'><strong>,</strong></span> <span class='ocrx_word' id='word_1_587' title='bbox 1839 3962 1927 4040; x_wconf 82' lang='lat' dir='ltr'><strong>iu-</strong></span> 
     </span>
    </p>
   </div>
   <div class='ocr_carea' id='block_1_72' title="bbox 326 4058 1925 4131">
    <p class='ocr_par' dir='ltr' id='par_1_72' title="bbox 326 4058 1925 4131">
     <span class='ocr_line' id='line_1_72' title="bbox 326 4058 1925 4131; baseline -0.001 -16"><span class='ocrx_word' id='word_1_588' title='bbox 326 4058 606 4116; x_wconf 68' lang='lat' dir='ltr'><strong>stiﬁcatus</strong></span> <span class='ocrx_word' id='word_1_589' title='bbox 636 4061 848 4118; x_wconf 71' lang='lat' dir='ltr'><strong>dicitur</strong></span> <span class='ocrx_word' id='word_1_590' title='bbox 874 4076 906 4115; x_wconf 89' lang='lat' dir='ltr'><strong>a</strong></span> <span class='ocrx_word' id='word_1_591' title='bbox 954 4068 1197 4131; x_wconf 75' lang='lat' dir='ltr'><strong>psecato.</strong></span> <span class='ocrx_word' id='word_1_592' title='bbox 1249 4058 1435 4129; x_wconf 83' lang='lat' dir='ltr'><strong>Neque</strong></span> <span class='ocrx_word' id='word_1_593' title='bbox 1478 4058 1622 4113; x_wconf 89' lang='lat' dir='ltr'><strong>enim</strong></span> <span class='ocrx_word' id='word_1_594' title='bbox 1678 4063 1925 4113; x_wconf 89' lang='lat' dir='ltr'><strong>mortuus</strong></span> 
     </span>
    </p>
   </div>
   <div class='ocr_carea' id='block_1_73' title="bbox 344 4147 1926 4222">
    <p class='ocr_par' dir='ltr' id='par_1_73' title="bbox 344 4147 1926 4222">
     <span class='ocr_line' id='line_1_73' title="bbox 344 4147 1926 4222; baseline -0.001 -16"><span class='ocrx_word' id='word_1_595' title='bbox 344 4150 704 4222; x_wconf 73' lang='lat' dir='ltr'><strong>concupiscit,</strong></span> <span class='ocrx_word' id='word_1_596' title='bbox 736 4160 831 4206; x_wconf 81' lang='lat' dir='ltr'><strong>aut</strong></span> <span class='ocrx_word' id='word_1_597' title='bbox 868 4150 1140 4217; x_wconf 66' lang='lat' dir='ltr'><strong>iraScitur,</strong></span> <span class='ocrx_word' id='word_1_598' title='bbox 1173 4157 1267 4205; x_wconf 86' lang='lat' dir='ltr'><strong>aut</strong></span> <span class='ocrx_word' id='word_1_599' title='bbox 1294 4149 1439 4212; x_wconf 80' lang='lat' dir='ltr'><strong>furit,</strong></span> <span class='ocrx_word' id='word_1_600' title='bbox 1467 4159 1561 4204; x_wconf 89' lang='lat' dir='ltr'><strong>aut</strong></span> <span class='ocrx_word' id='word_1_601' title='bbox 1589 4148 1776 4220; x_wconf 86' lang='lat' dir='ltr'><strong>diripit</strong></span> <span class='ocrx_word' id='word_1_602' title='bbox 1798 4147 1926 4205; x_wconf 82' lang='lat' dir='ltr'><strong>alie-</strong></span> 
     </span>
    </p>
   </div>
   <div class='ocr_carea' id='block_1_74' title="bbox 343 4240 1927 4321">
    <p class='ocr_par' dir='ltr' id='par_1_74' title="bbox 343 4240 1927 4321">
     <span class='ocr_line' id='line_1_74' title="bbox 343 4240 1927 4321; baseline -0.003 -23"><span class='ocrx_word' id='word_1_603' title='bbox 343 4246 445 4298; x_wconf 78' lang='lat' dir='ltr'><strong>aa.‘</strong></span> <span class='ocrx_word' id='word_1_604' title='bbox 466 4240 524 4297; x_wconf 75' lang='lat' dir='ltr'><strong>Si</strong></span> <span class='ocrx_word' id='word_1_605' title='bbox 554 4256 684 4314; x_wconf 87' lang='lat' dir='ltr'><strong>ergo</strong></span> <span class='ocrx_word' id='word_1_606' title='bbox 710 4243 779 4298; x_wconf 85' lang='lat' dir='ltr'><strong>ab</strong></span> <span class='ocrx_word' id='word_1_607' title='bbox 804 4242 893 4298; x_wconf 79' lang='lat' dir='ltr'><strong>his</strong></span> <span class='ocrx_word' id='word_1_608' title='bbox 914 4242 1169 4319; x_wconf 85' lang='lat' dir='ltr'><strong>omnibus</strong></span> <span class='ocrx_word' id='word_1_609' title='bbox 1203 4240 1704 4321; x_wconf 87' lang='lat' dir='ltr'><strong>concupiscentiam</strong></span> <span class='ocrx_word' id='word_1_610' title='bbox 1734 4250 1927 4310; x_wconf 86' lang='lat' dir='ltr'><strong>corpo-</strong></span> 
     </span>
    </p>
   </div>
   <div class='ocr_carea' id='block_1_75' title="bbox 343 4330 1928 4409">
    <p class='ocr_par' dir='ltr' id='par_1_75' title="bbox 343 4330 1928 4409">
     <span class='ocr_line' id='line_1_75' title="bbox 343 4330 1928 4409; baseline -0.003 -21"><span class='ocrx_word' id='word_1_611' title='bbox 343 4332 843 4403; x_wconf 34' lang='lat' dir='ltr'><strong>rismprimamus,»</strong></span> <span class='ocrx_word' id='word_1_612' title='bbox 875 4342 1149 4389; x_wconf 83' lang='lat' dir='ltr'><strong>mortuum</strong></span> <span class='ocrx_word' id='word_1_613' title='bbox 1183 4347 1304 4409; x_wconf 83' lang='lat' dir='ltr'><strong>esse</strong></span> <span class='ocrx_word' id='word_1_614' title='bbox 1330 4338 1553 4403; x_wconf 84' lang='lat' dir='ltr'><strong>peccato</strong></span> <span class='ocrx_word' id='word_1_615' title='bbox 1581 4330 1784 4387; x_wconf 90' lang='lat' dir='ltr'><strong>dicitur</strong></span> <span class='ocrx_word' id='word_1_616' title='bbox 1814 4343 1928 4384; x_wconf 89' lang='lat' dir='ltr'><strong>cor-</strong></span> 
     </span>
    </p>
   </div>
   <div class='ocr_carea' id='block_1_76' title="bbox 342 4422 1929 4501">
    <p class='ocr_par' dir='ltr' id='par_1_76' title="bbox 342 4422 1929 4501">
     <span class='ocr_line' id='line_1_76' title="bbox 342 4422 1929 4501; baseline -0.001 -22"><span class='ocrx_word' id='word_1_617' title='bbox 342 4439 463 4495; x_wconf 80' lang='lat' dir='ltr'><strong>pus.</strong></span> <span class='ocrx_word' id='word_1_618' title='bbox 505 4423 576 4480; x_wconf 74' lang='lat' dir='ltr'><strong>Et</strong></span> <span class='ocrx_word' id='word_1_619' title='bbox 619 4425 724 4480; x_wconf 84' lang='lat' dir='ltr'><strong>hoc</strong></span> <span class='ocrx_word' id='word_1_620' title='bbox 772 4432 858 4480; x_wconf 88' lang='lat' dir='ltr'><strong>est</strong></span> <span class='ocrx_word' id='word_1_621' title='bbox 891 4427 1033 4501; x_wconf 83' lang='lat' dir='ltr'><strong>quod</strong></span> <span class='ocrx_word' id='word_1_622' title='bbox 1070 4425 1127 4480; x_wconf 91' lang='lat' dir='ltr'><strong>in</strong></span> <span class='ocrx_word' id='word_1_623' title='bbox 1173 4426 1427 4499; x_wconf 67' lang='lat' dir='ltr'><strong>praesenti</strong></span> <span class='ocrx_word' id='word_1_624' title='bbox 1479 4426 1601 4481; x_wconf 90' lang='lat' dir='ltr'><strong>loco</strong></span> <span class='ocrx_word' id='word_1_625' title='bbox 1641 4422 1929 4494; x_wconf 77' lang='lat' dir='ltr'><strong>Apostolus</strong></span> 
     </span>
    </p>
   </div>
   <div class='ocr_carea' id='block_1_77' title="bbox 345 4510 1929 4592">
    <p class='ocr_par' dir='ltr' id='par_1_77' title="bbox 345 4510 1929 4592">
     <span class='ocr_line' id='line_1_77' title="bbox 345 4510 1929 4592; baseline -0.001 -23"><span class='ocrx_word' id='word_1_626' title='bbox 345 4528 691 4569; x_wconf 77' lang='lat' dir='ltr'><strong>commouere</strong></span> <span class='ocrx_word' id='word_1_627' title='bbox 736 4515 952 4570; x_wconf 80' lang='lat' dir='ltr'><strong>videtur</strong></span> <span class='ocrx_word' id='word_1_628' title='bbox 987 4510 1214 4585; x_wconf 78' lang='lat' dir='ltr'><strong>adiectis</strong></span> <span class='ocrx_word' id='word_1_629' title='bbox 1256 4514 1439 4592; x_wconf 81' lang='lat' dir='ltr'><strong>verbis</strong></span> <span class='ocrx_word' id='word_1_630' title='bbox 1476 4515 1597 4571; x_wconf 83' lang='lat' dir='ltr'><strong>istis</strong></span> <span class='ocrx_word' id='word_1_631' title='bbox 1634 4514 1841 4580; x_wconf 89' lang='lat' dir='ltr'><strong>dicens,</strong></span> <span class='ocrx_word' id='word_1_632' title='bbox 1871 4514 1929 4568; x_wconf 80' lang='lat' dir='ltr'><strong>in</strong></span> 
     </span>
    </p>
   </div>
   <div class='ocr_carea' id='block_1_78' title="bbox 346 4602 1551 4672">
    <p class='ocr_par' dir='ltr' id='par_1_78' title="bbox 346 4602 1551 4672">
     <span class='ocr_line' id='line_1_78' title="bbox 346 4602 1551 4672; baseline 0.002 -17"><span class='ocrx_word' id='word_1_633' title='bbox 346 4616 562 4672; x_wconf 85' lang='lat' dir='ltr'><strong>corpore</strong></span> <span class='ocrx_word' id='word_1_634' title='bbox 589 4611 754 4658; x_wconf 78' lang='lat' dir='ltr'><strong>vestro</strong></span> <span class='ocrx_word' id='word_1_635' title='bbox 780 4602 1000 4658; x_wconf 78' lang='lat' dir='ltr'><strong>mortali.</strong></span> <span class='ocrx_word' id='word_1_636' title='bbox 1548 4614 1551 4617; x_wconf 71' lang='lat'><strong><em>‘</em></strong></span> 
     </span>
    </p>
   </div>
   <div class='ocr_carea' id='block_1_79' title="bbox 418 4676 1932 4765">
    <p class='ocr_par' dir='ltr' id='par_1_79' title="bbox 418 4676 1932 4765">
     <span class='ocr_line' id='line_1_79' title="bbox 418 4676 1932 4765; baseline 0 -18"><span class='ocrx_word' id='word_1_637' title='bbox 418 4676 522 4747; x_wconf 67' lang='lat' dir='ltr'><strong>Sed</strong></span> <span class='ocrx_word' id='word_1_638' title='bbox 552 4708 715 4763; x_wconf 85' lang='lat' dir='ltr'><strong>neque</strong></span> <span class='ocrx_word' id='word_1_639' title='bbox 767 4692 1053 4748; x_wconf 71' lang='lat' dir='ltr'><strong>exhibeatis</strong></span> <span class='ocrx_word' id='word_1_640' title='bbox 1080 4695 1314 4749; x_wconf 86' lang='lat' dir='ltr'><strong>membra</strong></span> <span class='ocrx_word' id='word_1_641' title='bbox 1345 4703 1515 4750; x_wconf 84' lang='lat' dir='ltr'><strong>vestra</strong></span> <span class='ocrx_word' id='word_1_642' title='bbox 1556 4710 1709 4748; x_wconf 89' lang='lat' dir='ltr'><strong>arma</strong></span> <span class='ocrx_word' id='word_1_643' title='bbox 1737 4693 1932 4765; x_wconf 85' lang='lat' dir='ltr'><strong>iniqui-</strong></span> 
     </span>
    </p>
   </div>
   <div class='ocr_carea' id='block_1_80' title="bbox 346 4780 1932 4863">
    <p class='ocr_par' dir='ltr' id='par_1_80' title="bbox 346 4780 1932 4863">
     <span class='ocr_line' id='line_1_80' title="bbox 346 4780 1932 4863; baseline 0.001 -27"><span class='ocrx_word' id='word_1_644' title='bbox 346 4781 761 4851; x_wconf 61' lang='lat' dir='ltr'><strong>tatis-peccato.</strong></span> <span class='ocrx_word' id='word_1_645' title='bbox 812 4780 1061 4855; x_wconf 65' lang='grc' dir='ltr'><strong>(Διττὴν.)</strong></span> <span class='ocrx_word' id='word_1_646' title='bbox 1106 4782 1358 4840; x_wconf 84' lang='lat' dir='ltr'><strong>Ostendit</strong></span> <span class='ocrx_word' id='word_1_647' title='bbox 1404 4784 1678 4863; x_wconf 86' lang='lat' dir='ltr'><strong>diabolum</strong></span> <span class='ocrx_word' id='word_1_648' title='bbox 1733 4785 1932 4841; x_wconf 89' lang='lat' dir='ltr'><strong>nostris</strong></span> 
     </span>
    </p>
   </div>
   <div class='ocr_carea' id='block_1_81' title="bbox 339 4872 1935 4953">
    <p class='ocr_par' dir='ltr' id='par_1_81' title="bbox 339 4872 1935 4953">
     <span class='ocr_line' id='line_1_81' title="bbox 339 4872 1935 4953; baseline 0.003 -25"><span class='ocrx_word' id='word_1_649' title='bbox 339 4872 537 4944; x_wconf 74' lang='lat' dir='ltr'><strong>iaculis</strong></span> <span class='ocrx_word' id='word_1_650' title='bbox 592 4888 692 4930; x_wconf 86' lang='lat' dir='ltr'><strong>nos</strong></span> <span class='ocrx_word' id='word_1_651' title='bbox 719 4889 1067 4953; x_wconf 70' lang='lat' dir='ltr'><strong>expugnare:</strong></span> <span class='ocrx_word' id='word_1_652' title='bbox 1093 4876 1309 4934; x_wconf 86' lang='lat' dir='ltr'><strong>occasio</strong></span> <span class='ocrx_word' id='word_1_653' title='bbox 1340 4879 1489 4953; x_wconf 87' lang='lat' dir='ltr'><strong>enim</strong></span> <span class='ocrx_word' id='word_1_654' title='bbox 1549 4878 1710 4947; x_wconf 78' lang='lat' dir='ltr'><strong>datur</strong></span> <span class='ocrx_word' id='word_1_655' title='bbox 1734 4876 1809 4934; x_wconf 92' lang='lat' dir='ltr'><strong>illi</strong></span> <span class='ocrx_word' id='word_1_656' title='bbox 1835 4892 1935 4949; x_wconf 89' lang='lat' dir='ltr'><strong>per</strong></span> 
     </span>
    </p>
   </div>
   <div class='ocr_carea' id='block_1_82' title="bbox 346 4964 1935 5042">
    <p class='ocr_par' dir='ltr' id='par_1_82' title="bbox 346 4964 1935 5042">
     <span class='ocr_line' id='line_1_82' title="bbox 346 4964 1935 5042; baseline 0.003 -21"><span class='ocrx_word' id='word_1_657' title='bbox 346 4974 533 5022; x_wconf 86' lang='lat' dir='ltr'><strong>nostra</strong></span> <span class='ocrx_word' id='word_1_658' title='bbox 577 4976 822 5036; x_wconf 87' lang='lat' dir='ltr'><strong>peccata,</strong></span> <span class='ocrx_word' id='word_1_659' title='bbox 853 4964 915 5022; x_wconf 79' lang='lat' dir='ltr'><strong>ut</strong></span> <span class='ocrx_word' id='word_1_660' title='bbox 940 4968 1222 5025; x_wconf 88' lang='lat' dir='ltr'><strong>deserente</strong></span> <span class='ocrx_word' id='word_1_661' title='bbox 1253 4985 1353 5026; x_wconf 90' lang='lat' dir='ltr'><strong>nos</strong></span> <span class='ocrx_word' id='word_1_662' title='bbox 1394 4964 1540 5037; x_wconf 82' lang='lat' dir='ltr'><strong>Deo;</strong></span> <span class='ocrx_word' id='word_1_663' title='bbox 1575 4979 1797 5041; x_wconf 88' lang='lat' dir='ltr'><strong>accepta</strong></span> <span class='ocrx_word' id='word_1_664' title='bbox 1836 4987 1935 5042; x_wconf 89' lang='lat' dir='ltr'><strong>po-</strong></span> 
     </span>
    </p>
   </div>
   <div class='ocr_carea' id='block_1_83' title="bbox 348 5056 1935 5119">
    <p class='ocr_par' dir='ltr' id='par_1_83' title="bbox 348 5056 1935 5119">
     <span class='ocr_line' id='line_1_83' title="bbox 348 5056 1935 5119; baseline 0.004 -8"><span class='ocrx_word' id='word_1_665' title='bbox 348 5064 543 5119; x_wconf 76' lang='lat' dir='ltr'><strong>testate</strong></span> <span class='ocrx_word' id='word_1_666' title='bbox 572 5056 762 5115; x_wconf 83' lang='lat' dir='ltr'><strong>iiludat</strong></span> <span class='ocrx_word' id='word_1_667' title='bbox 786 5064 842 5117; x_wconf 86' lang='lat' dir='ltr'><strong>et</strong></span> <span class='ocrx_word' id='word_1_668' title='bbox 866 5057 1159 5115; x_wconf 85' lang='lat' dir='ltr'><strong>mortiﬁect</strong></span> <span class='ocrx_word' id='word_1_669' title='bbox 1183 5074 1304 5115; x_wconf 91' lang='lat' dir='ltr'><strong>nos.</strong></span> <span class='ocrx_word' id='word_1_670' title='bbox 1328 5060 1458 5116; x_wconf 79' lang='lat' dir='ltr'><strong>Ideo</strong></span> <span class='ocrx_word' id='word_1_671' title='bbox 1482 5059 1726 5116; x_wconf 89' lang='lat' dir='ltr'><strong>membra</strong></span> <span class='ocrx_word' id='word_1_672' title='bbox 1742 5070 1935 5117; x_wconf 85' lang='lat' dir='ltr'><strong>nostra</strong></span> 
     </span>
    </p>
   </div>
   <div class='ocr_carea' id='block_1_84' title="bbox 348 5150 1938 5229">
    <p class='ocr_par' dir='ltr' id='par_1_84' title="bbox 348 5150 1938 5229">
     <span class='ocr_line' id='line_1_84' title="bbox 348 5150 1938 5229; baseline 0.001 -22"><span class='ocrx_word' id='word_1_673' title='bbox 348 5153 418 5211; x_wconf 80' lang='lat' dir='ltr'><strong>ab</strong></span> <span class='ocrx_word' id='word_1_674' title='bbox 464 5152 611 5209; x_wconf 89' lang='lat' dir='ltr'><strong>omni</strong></span> <span class='ocrx_word' id='word_1_675' title='bbox 659 5165 826 5224; x_wconf 86' lang='lat' dir='ltr'><strong>opere</strong></span> <span class='ocrx_word' id='word_1_676' title='bbox 870 5150 1177 5223; x_wconf 81' lang='lat' dir='ltr'><strong>iniquitatis</strong></span> <span class='ocrx_word' id='word_1_677' title='bbox 1212 5154 1501 5229; x_wconf 85' lang='lat' dir='ltr'><strong>continere</strong></span> <span class='ocrx_word' id='word_1_678' title='bbox 1554 5154 1845 5220; x_wconf 85' lang='lat' dir='ltr'><strong>debemus,</strong></span> <span class='ocrx_word' id='word_1_679' title='bbox 1873 5160 1938 5209; x_wconf 90' lang='lat' dir='ltr'><strong>ut</strong></span> 
     </span>
    </p>
   </div>
   <div class='ocr_carea' id='block_1_85' title="bbox 348 5241 1936 5316">
    <p class='ocr_par' dir='ltr' id='par_1_85' title="bbox 348 5241 1936 5316">
     <span class='ocr_line' id='line_1_85' title="bbox 348 5241 1936 5316; baseline 0.001 -19"><span class='ocrx_word' id='word_1_680' title='bbox 348 5241 600 5301; x_wconf 83' lang='lat' dir='ltr'><strong>inimicus</strong></span> <span class='ocrx_word' id='word_1_681' title='bbox 630 5251 819 5301; x_wconf 65' lang='lat' dir='ltr'><strong>noswr</strong></span> <span class='ocrx_word' id='word_1_682' title='bbox 840 5243 1064 5301; x_wconf 82' lang='lat' dir='ltr'><strong>inermis</strong></span> <span class='ocrx_word' id='word_1_683' title='bbox 1090 5244 1342 5302; x_wconf 87' lang='lat' dir='ltr'><strong>inventus</strong></span> <span class='ocrx_word' id='word_1_684' title='bbox 1367 5244 1710 5316; x_wconf 85' lang='lat' dir='ltr'><strong>subjiciatur.</strong></span> <span class='ocrx_word' id='word_1_685' title='bbox 1732 5244 1804 5301; x_wconf 91' lang='lat' dir='ltr'><strong>Et</strong></span> <span class='ocrx_word' id='word_1_686' title='bbox 1829 5259 1936 5300; x_wconf 89' lang='lat' dir='ltr'><strong>non</strong></span> 
     </span>
    </p>
   </div>
   <div class='ocr_carea' id='block_1_86' title="bbox 350 5329 1935 5407">
    <p class='ocr_par' dir='ltr' id='par_1_86' title="bbox 350 5329 1935 5407">
     <span class='ocr_line' id='line_1_86' title="bbox 350 5329 1935 5407; baseline 0.001 -18"><span class='ocrx_word' id='word_1_687' title='bbox 350 5329 523 5405; x_wconf 68' lang='lat' dir='ltr'><strong>dixit:</strong></span> <span class='ocrx_word' id='word_1_688' title='bbox 555 5334 807 5392; x_wconf 65' lang='lat' dir='ltr'><strong>exhibete</strong></span> <span class='ocrx_word' id='word_1_689' title='bbox 835 5351 1063 5407; x_wconf 83' lang='lat' dir='ltr'><strong>corpora</strong></span> <span class='ocrx_word' id='word_1_690' title='bbox 1090 5346 1271 5393; x_wconf 84' lang='lat' dir='ltr'><strong>vestra</strong></span> <span class='ocrx_word' id='word_1_691' title='bbox 1290 5378 1306 5404; x_wconf 94' lang='lat'><strong>,</strong></span> <span class='ocrx_word' id='word_1_692' title='bbox 1339 5338 1435 5394; x_wconf 88' lang='lat' dir='ltr'><strong>sed</strong></span> <span class='ocrx_word' id='word_1_693' title='bbox 1474 5337 1709 5391; x_wconf 86' lang='lat' dir='ltr'><strong>membra</strong></span> <span class='ocrx_word' id='word_1_694' title='bbox 1733 5345 1935 5402; x_wconf 82' lang='lat' dir='ltr'><strong>vestra;</strong></span> 
     </span>
    </p>
   </div>
   <div class='ocr_carea' id='block_1_87' title="bbox 350 5425 1935 5499">
    <p class='ocr_par' dir='ltr' id='par_1_87' title="bbox 350 5425 1935 5499">
     <span class='ocr_line' id='line_1_87' title="bbox 350 5425 1935 5499; baseline 0.005 -20"><span class='ocrx_word' id='word_1_695' title='bbox 350 5425 611 5480; x_wconf 71' lang='lat' dir='ltr'><strong>membris</strong></span> <span class='ocrx_word' id='word_1_696' title='bbox 655 5427 800 5483; x_wconf 86' lang='lat' dir='ltr'><strong>enim</strong></span> <span class='ocrx_word' id='word_1_697' title='bbox 840 5430 1108 5487; x_wconf 87' lang='lat' dir='ltr'><strong>ministris</strong></span> <span class='ocrx_word' id='word_1_698' title='bbox 1145 5438 1383 5495; x_wconf 81' lang='lat' dir='ltr'><strong>emtor,</strong></span> <span class='ocrx_word' id='word_1_699' title='bbox 1412 5444 1522 5484; x_wconf 90' lang='lat' dir='ltr'><strong>non</strong></span> <span class='ocrx_word' id='word_1_700' title='bbox 1549 5437 1665 5484; x_wconf 89' lang='lat' dir='ltr'><strong>toto</strong></span> <span class='ocrx_word' id='word_1_701' title='bbox 1686 5442 1935 5499; x_wconf 76' lang='lat' dir='ltr'><strong>corpore.</strong></span> 
     </span>
    </p>
   </div>
   <div class='ocr_carea' id='block_1_88' title="bbox 355 5510 1936 5587">
    <p class='ocr_par' dir='ltr' id='par_1_88' title="bbox 355 5510 1936 5587">
     <span class='ocr_line' id='line_1_88' title="bbox 355 5510 1936 5587; baseline 0.003 -17"><span class='ocrx_word' id='word_1_702' title='bbox 355 5510 513 5570; x_wconf 84' lang='lat' dir='ltr'><strong>Unde</strong></span> <span class='ocrx_word' id='word_1_703' title='bbox 556 5517 806 5585; x_wconf 85' lang='lat' dir='ltr'><strong>superius</strong></span> <span class='ocrx_word' id='word_1_704' title='bbox 853 5534 961 5575; x_wconf 90' lang='lat' dir='ltr'><strong>non</strong></span> <span class='ocrx_word' id='word_1_705' title='bbox 1013 5521 1090 5575; x_wconf 89' lang='lat' dir='ltr'><strong>ait</strong></span> <span class='ocrx_word' id='word_1_706' title='bbox 1147 5535 1254 5575; x_wconf 84' lang='lat' dir='ltr'><strong>non</strong></span> <span class='ocrx_word' id='word_1_707' title='bbox 1300 5521 1402 5587; x_wconf 84' lang='lat' dir='ltr'><strong>sit,</strong></span> <span class='ocrx_word' id='word_1_708' title='bbox 1438 5517 1535 5575; x_wconf 86' lang='lat' dir='ltr'><strong>sed</strong></span> <span class='ocrx_word' id='word_1_709' title='bbox 1578 5534 1684 5574; x_wconf 81' lang='lat' dir='ltr'><strong>non</strong></span> <span class='ocrx_word' id='word_1_710' title='bbox 1736 5526 1936 5586; x_wconf 78' lang='lat' dir='ltr'><strong>regnet,</strong></span> 
     </span>
    </p>
   </div>
   <div class='ocr_carea' id='block_1_89' title="bbox 356 5604 1935 5685">
    <p class='ocr_par' dir='ltr' id='par_1_89' title="bbox 356 5604 1935 5685">
     <span class='ocr_line' id='line_1_89' title="bbox 356 5604 1935 5685; baseline 0.001 -28"><span class='ocrx_word' id='word_1_711' title='bbox 356 5604 594 5673; x_wconf 89' lang='lat' dir='ltr'><strong>quandiu</strong></span> <span class='ocrx_word' id='word_1_712' title='bbox 622 5615 904 5685; x_wconf 80' lang='lat' dir='ltr'><strong>peccatum</strong></span> <span class='ocrx_word' id='word_1_713' title='bbox 924 5625 1147 5666; x_wconf 87' lang='lat' dir='ltr'><strong>necesse</strong></span> <span class='ocrx_word' id='word_1_714' title='bbox 1170 5618 1255 5666; x_wconf 91' lang='lat' dir='ltr'><strong>est</strong></span> <span class='ocrx_word' id='word_1_715' title='bbox 1279 5625 1399 5667; x_wconf 91' lang='lat' dir='ltr'><strong>esse</strong></span> <span class='ocrx_word' id='word_1_716' title='bbox 1445 5610 1500 5665; x_wconf 89' lang='lat' dir='ltr'><strong>in</strong></span> <span class='ocrx_word' id='word_1_717' title='bbox 1527 5607 1790 5664; x_wconf 85' lang='lat' dir='ltr'><strong>membris</strong></span> <span class='ocrx_word' id='word_1_718' title='bbox 1812 5606 1935 5669; x_wconf 88' lang='lat' dir='ltr'><strong>tuis,</strong></span> 
     </span>
    </p>
   </div>
   <div class='ocr_carea' id='block_1_90' title="bbox 356 5696 1937 5774">
    <p class='ocr_par' dir='ltr' id='par_1_90' title="bbox 356 5696 1937 5774">
     <span class='ocr_line' id='line_1_90' title="bbox 356 5696 1937 5774; baseline 0.008 -21"><span class='ocrx_word' id='word_1_719' title='bbox 356 5696 551 5753; x_wconf 78' lang='lat' dir='ltr'><strong>saltem</strong></span> <span class='ocrx_word' id='word_1_720' title='bbox 596 5699 675 5754; x_wconf 80' lang='lat' dir='ltr'><strong>Illi</strong></span> <span class='ocrx_word' id='word_1_721' title='bbox 725 5717 949 5773; x_wconf 86' lang='lat' dir='ltr'><strong>regnum</strong></span> <span class='ocrx_word' id='word_1_722' title='bbox 1003 5703 1298 5774; x_wconf 79' lang='lat' dir='ltr'><strong>auferatur,</strong></span> <span class='ocrx_word' id='word_1_723' title='bbox 1328 5721 1438 5762; x_wconf 90' lang='lat' dir='ltr'><strong>non</strong></span> <span class='ocrx_word' id='word_1_724' title='bbox 1467 5704 1563 5760; x_wconf 83' lang='lat' dir='ltr'><strong>ﬁat</strong></span> <span class='ocrx_word' id='word_1_725' title='bbox 1588 5703 1733 5773; x_wconf 90' lang='lat' dir='ltr'><strong>quod</strong></span> <span class='ocrx_word' id='word_1_726' title='bbox 1752 5699 1937 5769; x_wconf 71' lang='lat' dir='ltr'><strong>jubeli</strong></span> 
     </span>
    </p>
   </div>
   <div class='ocr_carea' id='block_1_91' title="bbox 348 5789 1940 5875">
    <p class='ocr_par' dir='ltr' id='par_1_91' title="bbox 348 5789 1940 5875">
     <span class='ocr_line' id='line_1_91' title="bbox 348 5789 1940 5875; baseline -0.002 -23"><span class='ocrx_word' id='word_1_727' title='bbox 348 5791 543 5875; x_wconf 68' lang='lat' dir='ltr'><strong>surgit</strong></span> <span class='ocrx_word' id='word_1_728' title='bbox 561 5791 664 5863; x_wconf 85' lang='lat' dir='ltr'><strong>ira,</strong></span> <span class='ocrx_word' id='word_1_729' title='bbox 692 5791 803 5851; x_wconf 85' lang='lat' dir='ltr'><strong>noli</strong></span> <span class='ocrx_word' id='word_1_730' title='bbox 829 5793 961 5853; x_wconf 88' lang='lat' dir='ltr'><strong>dare</strong></span> <span class='ocrx_word' id='word_1_731' title='bbox 980 5795 1079 5852; x_wconf 81' lang='lat' dir='ltr'><strong>irae</strong></span> <span class='ocrx_word' id='word_1_732' title='bbox 1100 5796 1341 5871; x_wconf 82' lang='lat' dir='ltr'><strong>linguam</strong></span> <span class='ocrx_word' id='word_1_733' title='bbox 1379 5798 1448 5855; x_wconf 88' lang='lat' dir='ltr'><strong>ad</strong></span> <span class='ocrx_word' id='word_1_734' title='bbox 1481 5789 1940 5865; x_wconf 70' lang='lat' dir='ltr'><strong>maledicam.</strong></span> 
     </span>
    </p>
   </div>
   <div class='ocr_carea' id='block_1_92' title="bbox 1952 4566 2009 4629">
    <p class='ocr_par' dir='ltr' id='par_1_92' title="bbox 1952 4566 2009 4629">
     <span class='ocr_line' id='line_1_92' title="bbox 1952 4566 2009 4629; baseline 0 0"><span class='ocrx_word' id='word_1_735' title='bbox 1952 4566 2009 4629; x_wconf 87' lang='lat' dir='ltr'><strong>D</strong></span> 
     </span>
    </p>
   </div>
   <div class='ocr_carea' id='block_1_93' title="bbox 2022 3331 3614 3413">
    <p class='ocr_par' dir='ltr' id='par_1_93' title="bbox 2022 3331 3614 3413">
     <span class='ocr_line' id='line_1_93' title="bbox 2022 3331 3614 3413; baseline 0.003 -27"><span class='ocrx_word' id='word_1_736' title='bbox 2022 3331 2320 3389; x_wconf 86' lang='lat' dir='ltr'><strong>fendendos</strong></span> <span class='ocrx_word' id='word_1_737' title='bbox 2346 3348 2464 3400; x_wconf 88' lang='lat' dir='ltr'><strong>nos,</strong></span> <span class='ocrx_word' id='word_1_738' title='bbox 2487 3335 2574 3392; x_wconf 90' lang='lat' dir='ltr'><strong>cui</strong></span> <span class='ocrx_word' id='word_1_739' title='bbox 2602 3351 2725 3390; x_wconf 92' lang='lat' dir='ltr'><strong>cum</strong></span> <span class='ocrx_word' id='word_1_740' title='bbox 2753 3351 2905 3391; x_wconf 88' lang='lat' dir='ltr'><strong>arma</strong></span> <span class='ocrx_word' id='word_1_741' title='bbox 2934 3351 3031 3406; x_wconf 89' lang='lat' dir='ltr'><strong>per</strong></span> <span class='ocrx_word' id='word_1_742' title='bbox 3051 3352 3215 3406; x_wconf 90' lang='lat' dir='ltr'><strong>opera</strong></span> <span class='ocrx_word' id='word_1_743' title='bbox 3242 3337 3382 3401; x_wconf 87' lang='lat' dir='ltr'><strong>bona</strong></span> <span class='ocrx_word' id='word_1_744' title='bbox 3411 3337 3614 3413; x_wconf 74' lang='lat' dir='ltr'><strong>praebe-</strong></span> 
     </span>
    </p>
   </div>
   <div class='ocr_carea' id='block_1_94' title="bbox 2024 3414 3616 3498">
    <p class='ocr_par' dir='ltr' id='par_1_94' title="bbox 2024 3414 3616 3498">
     <span class='ocr_line' id='line_1_94' title="bbox 2024 3414 3616 3498; baseline 0.003 -22"><span class='ocrx_word' id='word_1_745' title='bbox 2024 3437 2165 3487; x_wconf 86' lang='lat' dir='ltr'><strong>mus,</strong></span> <span class='ocrx_word' id='word_1_746' title='bbox 2190 3424 2377 3493; x_wconf 85' lang='lat' dir='ltr'><strong>dignos</strong></span> <span class='ocrx_word' id='word_1_747' title='bbox 2400 3439 2501 3480; x_wconf 91' lang='lat' dir='ltr'><strong>nos</strong></span> <span class='ocrx_word' id='word_1_748' title='bbox 2528 3424 2756 3481; x_wconf 83' lang='lat' dir='ltr'><strong>facimus</strong></span> <span class='ocrx_word' id='word_1_749' title='bbox 2784 3425 3026 3494; x_wconf 85' lang='lat' dir='ltr'><strong>adjuvari</strong></span> <span class='ocrx_word' id='word_1_750' title='bbox 3047 3428 3113 3483; x_wconf 88' lang='lat' dir='ltr'><strong>ab</strong></span> <span class='ocrx_word' id='word_1_751' title='bbox 3142 3442 3226 3493; x_wconf 91' lang='lat' dir='ltr'><strong>ea,</strong></span> <span class='ocrx_word' id='word_1_752' title='bbox 3256 3427 3381 3498; x_wconf 88' lang='lat' dir='ltr'><strong>quia</strong></span> <span class='ocrx_word' id='word_1_753' title='bbox 3403 3414 3616 3496; x_wconf 84' lang='lat' dir='ltr'><strong>justitia</strong></span> 
     </span>
    </p>
   </div>
   <div class='ocr_carea' id='block_1_95' title="bbox 2024 3512 3613 3588">
    <p class='ocr_par' dir='ltr' id='par_1_95' title="bbox 2024 3512 3613 3588">
     <span class='ocr_line' id='line_1_95' title="bbox 2024 3512 3613 3588; baseline 0.003 -21"><span class='ocrx_word' id='word_1_754' title='bbox 2024 3512 2123 3568; x_wconf 88' lang='lat' dir='ltr'><strong>Dei</strong></span> <span class='ocrx_word' id='word_1_755' title='bbox 2151 3513 2401 3584; x_wconf 85' lang='lat' dir='ltr'><strong>indignos</strong></span> <span class='ocrx_word' id='word_1_756' title='bbox 2430 3515 2680 3585; x_wconf 89' lang='lat' dir='ltr'><strong>despicit.</strong></span> <span class='ocrx_word' id='word_1_757' title='bbox 2734 3514 2834 3573; x_wconf 84' lang='lat' dir='ltr'><strong>Ubi</strong></span> <span class='ocrx_word' id='word_1_758' title='bbox 2860 3518 3005 3572; x_wconf 86' lang='lat' dir='ltr'><strong>enim</strong></span> <span class='ocrx_word' id='word_1_759' title='bbox 3036 3518 3248 3588; x_wconf 88' lang='lat' dir='ltr'><strong>justitia</strong></span> <span class='ocrx_word' id='word_1_760' title='bbox 3303 3519 3396 3572; x_wconf 91' lang='lat' dir='ltr'><strong>Dei</strong></span> <span class='ocrx_word' id='word_1_761' title='bbox 3426 3517 3613 3583; x_wconf 76' lang='lat' dir='ltr'><strong>fuerit,</strong></span> 
     </span>
    </p>
   </div>
   <div class='ocr_carea' id='block_1_96' title="bbox 2024 3595 3617 3679">
    <p class='ocr_par' dir='ltr' id='par_1_96' title="bbox 2024 3595 3617 3679">
     <span class='ocr_line' id='line_1_96' title="bbox 2024 3595 3617 3679; baseline 0.003 -21"><span class='ocrx_word' id='word_1_762' title='bbox 2024 3602 2101 3659; x_wconf 85' lang='lat' dir='ltr'><strong>ibi</strong></span> <span class='ocrx_word' id='word_1_763' title='bbox 2128 3595 2596 3677; x_wconf 18' lang='lat' dir='ltr'><strong>habitat‘Spiritus</strong></span> <span class='ocrx_word' id='word_1_764' title='bbox 2628 3615 2850 3663; x_wconf 88' lang='lat' dir='ltr'><strong>sanctus</strong></span> <span class='ocrx_word' id='word_1_765' title='bbox 2887 3609 2956 3663; x_wconf 88' lang='lat' dir='ltr'><strong>ad</strong></span> <span class='ocrx_word' id='word_1_766' title='bbox 2987 3598 3345 3679; x_wconf 86' lang='lat' dir='ltr'><strong>adiuvandam</strong></span> <span class='ocrx_word' id='word_1_767' title='bbox 3375 3608 3617 3677; x_wconf 84' lang='lat' dir='ltr'><strong>imbecil-</strong></span> 
     </span>
    </p>
   </div>
   <div class='ocr_carea' id='block_1_97' title="bbox 2025 3686 3618 3769">
    <p class='ocr_par' dir='ltr' id='par_1_97' title="bbox 2025 3686 3618 3769">
     <span class='ocr_line' id='line_1_97' title="bbox 2025 3686 3618 3769; baseline 0.006 -23"><span class='ocrx_word' id='word_1_768' title='bbox 2025 3686 2236 3747; x_wconf 87' lang='lat' dir='ltr'><strong>litatem</strong></span> <span class='ocrx_word' id='word_1_769' title='bbox 2287 3702 2567 3767; x_wconf 79' lang='lat' dir='ltr'><strong>nostram;</strong></span> <span class='ocrx_word' id='word_1_770' title='bbox 2598 3696 2741 3752; x_wconf 88' lang='lat' dir='ltr'><strong>sicut</strong></span> <span class='ocrx_word' id='word_1_771' title='bbox 2777 3697 2923 3753; x_wconf 89' lang='lat' dir='ltr'><strong>enim</strong></span> <span class='ocrx_word' id='word_1_772' title='bbox 2966 3707 3192 3769; x_wconf 88' lang='lat' dir='ltr'><strong>peccato</strong></span> <span class='ocrx_word' id='word_1_773' title='bbox 3232 3713 3383 3752; x_wconf 91' lang='lat' dir='ltr'><strong>arma</strong></span> <span class='ocrx_word' id='word_1_774' title='bbox 3415 3700 3618 3767; x_wconf 84' lang='lat' dir='ltr'><strong>praebe-</strong></span> 
     </span>
    </p>
   </div>
   <div class='ocr_carea' id='block_1_98' title="bbox 2024 3778 3618 3863">
    <p class='ocr_par' dir='ltr' id='par_1_98' title="bbox 2024 3778 3618 3863">
     <span class='ocr_line' id='line_1_98' title="bbox 2024 3778 3618 3863; baseline 0.001 -24"><span class='ocrx_word' id='word_1_775' title='bbox 2024 3799 2169 3851; x_wconf 92' lang='lat' dir='ltr'><strong>mus,</strong></span> <span class='ocrx_word' id='word_1_776' title='bbox 2201 3800 2325 3841; x_wconf 89' lang='lat' dir='ltr'><strong>cum</strong></span> <span class='ocrx_word' id='word_1_777' title='bbox 2373 3784 2514 3843; x_wconf 89' lang='lat' dir='ltr'><strong>male</strong></span> <span class='ocrx_word' id='word_1_778' title='bbox 2538 3787 2790 3860; x_wconf 85' lang='lat' dir='ltr'><strong>agimus:</strong></span> <span class='ocrx_word' id='word_1_779' title='bbox 2821 3788 2896 3842; x_wconf 90' lang='lat' dir='ltr'><strong>ita</strong></span> <span class='ocrx_word' id='word_1_780' title='bbox 2940 3796 2995 3843; x_wconf 91' lang='lat' dir='ltr'><strong>et</strong></span> <span class='ocrx_word' id='word_1_781' title='bbox 3034 3789 3276 3859; x_wconf 77' lang='lat' dir='ltr'><strong>iustitiae,</strong></span> <span class='ocrx_word' id='word_1_782' title='bbox 3321 3803 3443 3845; x_wconf 92' lang='lat' dir='ltr'><strong>cum</strong></span> <span class='ocrx_word' id='word_1_783' title='bbox 3473 3778 3618 3863; x_wconf 77' lang='lat' dir='ltr'><strong>recte</strong></span> 
     </span>
    </p>
   </div>
   <div class='ocr_carea' id='block_1_99' title="bbox 2027 3863 3615 3957">
    <p class='ocr_par' dir='ltr' id='par_1_99' title="bbox 2027 3863 3615 3957">
     <span class='ocr_line' id='line_1_99' title="bbox 2027 3863 3615 3957; baseline 0.002 -25"><span class='ocrx_word' id='word_1_784' title='bbox 2027 3890 2332 3945; x_wconf 86' lang='lat' dir='ltr'><strong>versamur,</strong></span> <span class='ocrx_word' id='word_1_785' title='bbox 2358 3870 2603 3957; x_wconf 86' lang='lat' dir='ltr'><strong>membra</strong></span> <span class='ocrx_word' id='word_1_786' title='bbox 2629 3888 2819 3957; x_wconf 89' lang='lat' dir='ltr'><strong>nostra</strong></span> <span class='ocrx_word' id='word_1_787' title='bbox 2842 3863 3206 3936; x_wconf 82' lang='lat' dir='ltr'><strong>custodientes</strong></span> <span class='ocrx_word' id='word_1_788' title='bbox 3228 3878 3294 3935; x_wconf 83' lang='lat' dir='ltr'><strong>ab</strong></span> <span class='ocrx_word' id='word_1_789' title='bbox 3326 3879 3473 3941; x_wconf 88' lang='lat' dir='ltr'><strong>omni</strong></span> <span class='ocrx_word' id='word_1_790' title='bbox 3503 3890 3615 3935; x_wconf 87' lang='lat' dir='ltr'><strong>tur-</strong></span> 
     </span>
    </p>
   </div>
   <div class='ocr_carea' id='block_1_100' title="bbox 2026 3956 3614 4053">
    <p class='ocr_par' dir='ltr' id='par_1_100' title="bbox 2026 3956 3614 4053">
     <span class='ocr_line' id='line_1_100' title="bbox 2026 3956 3614 4053; baseline 0.001 -27"><span class='ocrx_word' id='word_1_791' title='bbox 2026 3969 2291 4048; x_wconf 79' lang='lat' dir='ltr'><strong>pitudine.</strong></span> <span class='ocrx_word' id='word_1_792' title='bbox 2348 3969 2569 4053; x_wconf 69' lang='lat' dir='ltr'><strong>(Oi-ig.)</strong></span> <span class='ocrx_word' id='word_1_793' title='bbox 2615 3956 2974 4053; x_wconf 53' lang='lat' dir='ltr'><strong>Intuereper</strong></span> <span class='ocrx_word' id='word_1_794' title='bbox 3031 3973 3239 4043; x_wconf 82' lang='lat' dir='ltr'><strong>singula</strong></span> <span class='ocrx_word' id='word_1_795' title='bbox 3292 3974 3614 4046; x_wconf 84' lang='lat' dir='ltr'><strong>sapientiam</strong></span> 
     </span>
    </p>
   </div>
   <div class='ocr_carea' id='block_1_101' title="bbox 2018 4043 3616 4147">
    <p class='ocr_par' dir='ltr' id='par_1_101' title="bbox 2018 4043 3616 4147">
     <span class='ocr_line' id='line_1_101' title="bbox 2018 4043 3616 4147; baseline 0.001 -30"><span class='ocrx_word' id='word_1_796' title='bbox 2018 4043 2201 4145; x_wconf 73' lang='lat' dir='ltr'><strong>Pauli,</strong></span> <span class='ocrx_word' id='word_1_797' title='bbox 2235 4043 2368 4145; x_wconf 78' lang='lat' dir='ltr'><strong>quia</strong></span> <span class='ocrx_word' id='word_1_798' title='bbox 2399 4043 2720 4120; x_wconf 47' lang='lat' dir='ltr'><strong>necessariis</strong></span> <span class='ocrx_word' id='word_1_799' title='bbox 2754 4043 3242 4147; x_wconf 81' lang='lat' dir='ltr'><strong>discrepationibus</strong></span> <span class='ocrx_word' id='word_1_800' title='bbox 3282 4043 3471 4119; x_wconf 76' lang='lat' dir='ltr'><strong>utitur.</strong></span> <span class='ocrx_word' id='word_1_801' title='bbox 3514 4063 3616 4119; x_wconf 86' lang='lat' dir='ltr'><strong>Ubi</strong></span> 
     </span>
    </p>
   </div>
   <div class='ocr_carea' id='block_1_102' title="bbox 1991 4152 3620 4228">
    <p class='ocr_par' dir='ltr' id='par_1_102' title="bbox 1991 4152 3620 4228">
     <span class='ocr_line' id='line_1_102' title="bbox 1991 4152 3620 4228; baseline 0.001 -21"><span class='ocrx_word' id='word_1_802' title='bbox 1991 4210 2006 4228; x_wconf 53' lang='lat'><strong>.</strong></span> <span class='ocrx_word' id='word_1_803' title='bbox 2031 4152 2161 4208; x_wconf 89' lang='lat' dir='ltr'><strong>dicit</strong></span> <span class='ocrx_word' id='word_1_804' title='bbox 2183 4167 2334 4208; x_wconf 90' lang='lat' dir='ltr'><strong>arma</strong></span> <span class='ocrx_word' id='word_1_805' title='bbox 2390 4169 2497 4221; x_wconf 87' lang='lat' dir='ltr'><strong>non</strong></span> <span class='ocrx_word' id='word_1_806' title='bbox 2537 4168 2657 4210; x_wconf 90' lang='lat' dir='ltr'><strong>esse</strong></span> <span class='ocrx_word' id='word_1_807' title='bbox 2704 4155 2989 4226; x_wconf 82' lang='lat' dir='ltr'><strong>praebenda</strong></span> <span class='ocrx_word' id='word_1_808' title='bbox 3016 4164 3249 4228; x_wconf 82' lang='lat' dir='ltr'><strong>peccato</strong></span> <span class='ocrx_word' id='word_1_809' title='bbox 3290 4156 3372 4209; x_wconf 89' lang='lat' dir='ltr'><strong>vel</strong></span> <span class='ocrx_word' id='word_1_810' title='bbox 3420 4154 3620 4225; x_wconf 88' lang='lat' dir='ltr'><strong>iniqui-</strong></span> 
     </span>
    </p>
   </div>
   <div class='ocr_carea' id='block_1_103' title="bbox 2030 4234 3616 4321">
    <p class='ocr_par' dir='ltr' id='par_1_103' title="bbox 2030 4234 3616 4321">
     <span class='ocr_line' id='line_1_103' title="bbox 2030 4234 3616 4321; baseline -0.002 -22"><span class='ocrx_word' id='word_1_811' title='bbox 2030 4243 2153 4310; x_wconf 90' lang='lat' dir='ltr'><strong>tati,</strong></span> <span class='ocrx_word' id='word_1_812' title='bbox 2182 4260 2291 4300; x_wconf 88' lang='lat' dir='ltr'><strong>non</strong></span> <span class='ocrx_word' id='word_1_813' title='bbox 2304 4259 2430 4321; x_wconf 40' lang='lat' dir='ltr'><strong>‘nos,</strong></span> <span class='ocrx_word' id='word_1_814' title='bbox 2448 4244 2553 4317; x_wconf 85' lang='lat' dir='ltr'><strong>sed</strong></span> <span class='ocrx_word' id='word_1_815' title='bbox 2582 4234 2827 4301; x_wconf 87' lang='lat' dir='ltr'><strong>membra</strong></span> <span class='ocrx_word' id='word_1_816' title='bbox 2866 4254 3051 4301; x_wconf 85' lang='lat' dir='ltr'><strong>nostra</strong></span> <span class='ocrx_word' id='word_1_817' title='bbox 3094 4247 3244 4315; x_wconf 91' lang='lat' dir='ltr'><strong>ponit</strong></span> <span class='ocrx_word' id='word_1_818' title='bbox 3273 4260 3287 4299; x_wconf 93' lang='lat'><strong>:</strong></span> <span class='ocrx_word' id='word_1_819' title='bbox 3318 4245 3408 4301; x_wconf 88' lang='lat' dir='ltr'><strong>ubi</strong></span> <span class='ocrx_word' id='word_1_820' title='bbox 3437 4252 3616 4300; x_wconf 85' lang='lat' dir='ltr'><strong>autem</strong></span> 
     </span>
    </p>
   </div>
   <div class='ocr_carea' id='block_1_104' title="bbox 2034 4322 3615 4403">
    <p class='ocr_par' dir='ltr' id='par_1_104' title="bbox 2034 4322 3615 4403">
     <span class='ocr_line' id='line_1_104' title="bbox 2034 4322 3615 4403; baseline -0.001 -13"><span class='ocrx_word' id='word_1_821' title='bbox 2034 4335 2226 4390; x_wconf 88' lang='lat' dir='ltr'><strong>suadet</strong></span> <span class='ocrx_word' id='word_1_822' title='bbox 2248 4346 2309 4390; x_wconf 85' lang='lat' dir='ltr'><strong>ut</strong></span> <span class='ocrx_word' id='word_1_823' title='bbox 2340 4335 2453 4391; x_wconf 83' lang='lat' dir='ltr'><strong>Deo</strong></span> <span class='ocrx_word' id='word_1_824' title='bbox 2482 4351 2582 4392; x_wconf 90' lang='lat' dir='ltr'><strong>nos</strong></span> <span class='ocrx_word' id='word_1_825' title='bbox 2606 4336 2978 4403; x_wconf 84' lang='lat' dir='ltr'><strong>exhibeamus,</strong></span> <span class='ocrx_word' id='word_1_826' title='bbox 3006 4352 3111 4392; x_wconf 88' lang='lat' dir='ltr'><strong>non</strong></span> <span class='ocrx_word' id='word_1_827' title='bbox 3139 4348 3320 4392; x_wconf 88' lang='lat' dir='ltr'><strong>autem</strong></span> <span class='ocrx_word' id='word_1_828' title='bbox 3351 4322 3615 4402; x_wconf 82' lang='lat' dir='ltr'><strong>membra,</strong></span> 
     </span>
    </p>
   </div>
   <div class='ocr_carea' id='block_1_105' title="bbox 2033 4410 3621 4499">
    <p class='ocr_par' dir='ltr' id='par_1_105' title="bbox 2033 4410 3621 4499">
     <span class='ocr_line' id='line_1_105' title="bbox 2033 4410 3621 4499; baseline 0 -20"><span class='ocrx_word' id='word_1_829' title='bbox 2033 4424 2161 4499; x_wconf 91' lang='lat' dir='ltr'><strong>quia</strong></span> <span class='ocrx_word' id='word_1_830' title='bbox 2203 4440 2303 4482; x_wconf 91' lang='lat' dir='ltr'><strong>nos</strong></span> <span class='ocrx_word' id='word_1_831' title='bbox 2348 4426 2494 4496; x_wconf 90' lang='lat' dir='ltr'><strong>ipsos</strong></span> <span class='ocrx_word' id='word_1_832' title='bbox 2522 4424 2781 4484; x_wconf 80' lang='lat' dir='ltr'><strong>exhibere</strong></span> <span class='ocrx_word' id='word_1_833' title='bbox 2803 4426 2922 4483; x_wconf 87' lang='lat' dir='ltr'><strong>vult</strong></span> <span class='ocrx_word' id='word_1_834' title='bbox 2950 4410 3081 4493; x_wconf 74' lang='lat' dir='ltr'><strong>Deo,</strong></span> <span class='ocrx_word' id='word_1_835' title='bbox 3109 4427 3208 4483; x_wconf 90' lang='lat' dir='ltr'><strong>hoc</strong></span> <span class='ocrx_word' id='word_1_836' title='bbox 3250 4436 3352 4493; x_wconf 81' lang='lat' dir='ltr'><strong>est,</strong></span> <span class='ocrx_word' id='word_1_837' title='bbox 3386 4426 3621 4482; x_wconf 90' lang='lat' dir='ltr'><strong>animam</strong></span> 
     </span>
    </p>
   </div>
   <div class='ocr_carea' id='block_1_106' title="bbox 2031 4504 3625 4589">
    <p class='ocr_par' dir='ltr' id='par_1_106' title="bbox 2031 4504 3625 4589">
     <span class='ocr_line' id='line_1_106' title="bbox 2031 4504 3625 4589; baseline 0.002 -20"><span class='ocrx_word' id='word_1_838' title='bbox 2031 4504 2119 4570; x_wconf 76' lang='lat' dir='ltr'><strong>vel</strong></span> <span class='ocrx_word' id='word_1_839' title='bbox 2161 4518 2497 4588; x_wconf 89' lang='lat' dir='ltr'><strong>propositum</strong></span> <span class='ocrx_word' id='word_1_840' title='bbox 2527 4527 2792 4586; x_wconf 90' lang='lat' dir='ltr'><strong>nostrum,</strong></span> <span class='ocrx_word' id='word_1_841' title='bbox 2824 4527 2886 4574; x_wconf 93' lang='lat' dir='ltr'><strong>ut</strong></span> <span class='ocrx_word' id='word_1_842' title='bbox 2933 4533 3056 4575; x_wconf 91' lang='lat' dir='ltr'><strong>cum</strong></span> <span class='ocrx_word' id='word_1_843' title='bbox 3080 4518 3205 4589; x_wconf 75' lang='lat' dir='ltr'><strong>pias</strong></span> <span class='ocrx_word' id='word_1_844' title='bbox 3250 4518 3492 4589; x_wconf 88' lang='lat' dir='ltr'><strong>nosipsos</strong></span> <span class='ocrx_word' id='word_1_845' title='bbox 3528 4504 3625 4572; x_wconf 75' lang='lat' dir='ltr'><strong>ex-</strong></span> 
     </span>
    </p>
   </div>
   <div class='ocr_carea' id='block_1_107' title="bbox 2032 4596 3623 4676">
    <p class='ocr_par' dir='ltr' id='par_1_107' title="bbox 2032 4596 3623 4676">
     <span class='ocr_line' id='line_1_107' title="bbox 2032 4596 3623 4676; baseline 0.001 -15"><span class='ocrx_word' id='word_1_846' title='bbox 2032 4605 2370 4663; x_wconf 87' lang='lat' dir='ltr'><strong>hihuerimus</strong></span> <span class='ocrx_word' id='word_1_847' title='bbox 2421 4608 2568 4676; x_wconf 91' lang='lat' dir='ltr'><strong>Deo,</strong></span> <span class='ocrx_word' id='word_1_848' title='bbox 2612 4615 2670 4664; x_wconf 89' lang='lat' dir='ltr'><strong>et</strong></span> <span class='ocrx_word' id='word_1_849' title='bbox 2716 4596 3105 4665; x_wconf 59' lang='lat' dir='ltr'><strong>adhaeserimus</strong></span> <span class='ocrx_word' id='word_1_850' title='bbox 3162 4609 3245 4675; x_wconf 90' lang='lat' dir='ltr'><strong>ei,</strong></span> <span class='ocrx_word' id='word_1_851' title='bbox 3277 4611 3352 4664; x_wconf 91' lang='lat' dir='ltr'><strong>ita</strong></span> <span class='ocrx_word' id='word_1_852' title='bbox 3408 4610 3623 4667; x_wconf 87' lang='lat' dir='ltr'><strong>demum</strong></span> 
     </span>
    </p>
   </div>
   <div class='ocr_carea' id='block_1_108' title="bbox 2036 4684 3619 4768">
    <p class='ocr_par' dir='ltr' id='par_1_108' title="bbox 2036 4684 3619 4768">
     <span class='ocr_line' id='line_1_108' title="bbox 2036 4684 3619 4768; baseline -0.001 -17"><span class='ocrx_word' id='word_1_853' title='bbox 2036 4697 2201 4752; x_wconf 87' lang='lat' dir='ltr'><strong>etiam</strong></span> <span class='ocrx_word' id='word_1_854' title='bbox 2226 4695 2473 4752; x_wconf 90' lang='lat' dir='ltr'><strong>membra</strong></span> <span class='ocrx_word' id='word_1_855' title='bbox 2498 4705 2687 4752; x_wconf 87' lang='lat' dir='ltr'><strong>nostra</strong></span> <span class='ocrx_word' id='word_1_856' title='bbox 2718 4684 3016 4754; x_wconf 70' lang='lat' dir='ltr'><strong>efﬁciamus</strong></span> <span class='ocrx_word' id='word_1_857' title='bbox 3047 4712 3200 4753; x_wconf 90' lang='lat' dir='ltr'><strong>arma</strong></span> <span class='ocrx_word' id='word_1_858' title='bbox 3228 4696 3455 4768; x_wconf 75' lang='lat' dir='ltr'><strong>iustitiae</strong></span> <span class='ocrx_word' id='word_1_859' title='bbox 3489 4696 3619 4752; x_wconf 91' lang='lat' dir='ltr'><strong>Deo.</strong></span> 
     </span>
    </p>
   </div>
   <div class='ocr_carea' id='block_1_109' title="bbox 2036 4778 3627 4859">
    <p class='ocr_par' dir='ltr' id='par_1_109' title="bbox 2036 4778 3627 4859">
     <span class='ocr_line' id='line_1_109' title="bbox 2036 4778 3627 4859; baseline 0 -17"><span class='ocrx_word' id='word_1_860' title='bbox 2036 4784 2107 4842; x_wconf 89' lang='lat' dir='ltr'><strong>Et</strong></span> <span class='ocrx_word' id='word_1_861' title='bbox 2142 4788 2187 4842; x_wconf 87' lang='lat' dir='ltr'><strong>si</strong></span> <span class='ocrx_word' id='word_1_862' title='bbox 2218 4786 2431 4857; x_wconf 86' lang='lat' dir='ltr'><strong>peccati</strong></span> <span class='ocrx_word' id='word_1_863' title='bbox 2466 4787 2963 4859; x_wconf 89' lang='lat' dir='ltr'><strong>concupiscentiam</strong></span> <span class='ocrx_word' id='word_1_864' title='bbox 2999 4778 3387 4857; x_wconf 82' lang='lat' dir='ltr'><strong>mortiﬁcemus</strong></span> <span class='ocrx_word' id='word_1_865' title='bbox 3422 4790 3475 4845; x_wconf 93' lang='lat' dir='ltr'><strong>in</strong></span> <span class='ocrx_word' id='word_1_866' title='bbox 3505 4803 3627 4855; x_wconf 81' lang='lat' dir='ltr'><strong>cor-</strong></span> 
     </span>
    </p>
   </div>
   <div class='ocr_carea' id='block_1_110' title="bbox 2036 4879 3630 4957">
    <p class='ocr_par' dir='ltr' id='par_1_110' title="bbox 2036 4879 3630 4957">
     <span class='ocr_line' id='line_1_110' title="bbox 2036 4879 3630 4957; baseline 0 -22"><span class='ocrx_word' id='word_1_867' title='bbox 2036 4894 2169 4947; x_wconf 86' lang='lat' dir='ltr'><strong>pore</strong></span> <span class='ocrx_word' id='word_1_868' title='bbox 2206 4886 2392 4936; x_wconf 89' lang='lat' dir='ltr'><strong>nostro</strong></span> <span class='ocrx_word' id='word_1_869' title='bbox 2441 4879 2688 4947; x_wconf 89' lang='lat' dir='ltr'><strong>mortali,</strong></span> <span class='ocrx_word' id='word_1_870' title='bbox 2734 4889 2791 4936; x_wconf 90' lang='lat' dir='ltr'><strong>et</strong></span> <span class='ocrx_word' id='word_1_871' title='bbox 2833 4883 2890 4936; x_wconf 91' lang='lat' dir='ltr'><strong>in</strong></span> <span class='ocrx_word' id='word_1_872' title='bbox 2933 4896 3098 4951; x_wconf 89' lang='lat' dir='ltr'><strong>opere</strong></span> <span class='ocrx_word' id='word_1_873' title='bbox 3139 4880 3363 4951; x_wconf 78' lang='lat' dir='ltr'><strong>iustitia:</strong></span> <span class='ocrx_word' id='word_1_874' title='bbox 3421 4879 3630 4957; x_wconf 84' lang='lat' dir='ltr'><strong>labore-</strong></span> 
     </span>
    </p>
   </div>
   <div class='ocr_carea' id='block_1_111' title="bbox 2039 4960 3626 5045">
    <p class='ocr_par' dir='ltr' id='par_1_111' title="bbox 2039 4960 3626 5045">
     <span class='ocr_line' id='line_1_111' title="bbox 2039 4960 3626 5045; baseline 0.001 -19"><span class='ocrx_word' id='word_1_875' title='bbox 2039 4987 2201 5039; x_wconf 89' lang='lat' dir='ltr'><strong>mus,</strong></span> <span class='ocrx_word' id='word_1_876' title='bbox 2276 4981 2438 5043; x_wconf 89' lang='lat' dir='ltr'><strong>atque</strong></span> <span class='ocrx_word' id='word_1_877' title='bbox 2503 4973 2756 5029; x_wconf 89' lang='lat' dir='ltr'><strong>omnibus</strong></span> <span class='ocrx_word' id='word_1_878' title='bbox 2823 4974 3025 5029; x_wconf 88' lang='lat' dir='ltr'><strong>nostris</strong></span> <span class='ocrx_word' id='word_1_879' title='bbox 3082 4960 3344 5030; x_wconf 87' lang='lat' dir='ltr'><strong>membris</strong></span> <span class='ocrx_word' id='word_1_880' title='bbox 3401 4973 3626 5045; x_wconf 72' lang='lat' dir='ltr'><strong>iustitiae</strong></span> 
     </span>
    </p>
   </div>
   <div class='ocr_carea' id='block_1_112' title="bbox 2039 5052 3627 5138">
    <p class='ocr_par' dir='ltr' id='par_1_112' title="bbox 2039 5052 3627 5138">
     <span class='ocr_line' id='line_1_112' title="bbox 2039 5052 3627 5138; baseline -0.001 -20"><span class='ocrx_word' id='word_1_881' title='bbox 2039 5062 2440 5138; x_wconf 62' lang='lat' dir='ltr'><strong>minisircmus,</strong></span> <span class='ocrx_word' id='word_1_882' title='bbox 2491 5063 2758 5123; x_wconf 81' lang='lat' dir='ltr'><strong>eﬂicimur</strong></span> <span class='ocrx_word' id='word_1_883' title='bbox 2817 5052 3077 5134; x_wconf 87' lang='lat' dir='ltr'><strong>tanquam</strong></span> <span class='ocrx_word' id='word_1_884' title='bbox 3149 5078 3217 5119; x_wconf 83' lang='lat' dir='ltr'><strong>ex</strong></span> <span class='ocrx_word' id='word_1_885' title='bbox 3272 5063 3499 5121; x_wconf 87' lang='lat' dir='ltr'><strong>mortuis</strong></span> <span class='ocrx_word' id='word_1_886' title='bbox 3543 5065 3627 5117; x_wconf 85' lang='lat' dir='ltr'><strong>vi-</strong></span> 
     </span>
    </p>
   </div>
   <div class='ocr_carea' id='block_1_113' title="bbox 2038 5152 3630 5225">
    <p class='ocr_par' dir='ltr' id='par_1_113' title="bbox 2038 5152 3630 5225">
     <span class='ocr_line' id='line_1_113' title="bbox 2038 5152 3630 5225; baseline 0.001 -19"><span class='ocrx_word' id='word_1_887' title='bbox 2038 5161 2246 5220; x_wconf 87' lang='lat' dir='ltr'><strong>ventes,</strong></span> <span class='ocrx_word' id='word_1_888' title='bbox 2282 5162 2507 5225; x_wconf 88' lang='lat' dir='ltr'><strong>peccato</strong></span> <span class='ocrx_word' id='word_1_889' title='bbox 2561 5154 2769 5211; x_wconf 88' lang='lat' dir='ltr'><strong>scilicet</strong></span> <span class='ocrx_word' id='word_1_890' title='bbox 2821 5155 3020 5209; x_wconf 90' lang='lat' dir='ltr'><strong>mortui</strong></span> <span class='ocrx_word' id='word_1_891' title='bbox 3074 5161 3133 5210; x_wconf 90' lang='lat' dir='ltr'><strong>et</strong></span> <span class='ocrx_word' id='word_1_892' title='bbox 3166 5152 3391 5223; x_wconf 54' lang='lat' dir='ltr'><strong>iustitia</strong></span> <span class='ocrx_word' id='word_1_893' title='bbox 3441 5153 3630 5209; x_wconf 89' lang='lat' dir='ltr'><strong>viven-</strong></span> 
     </span>
    </p>
   </div>
   <div class='ocr_carea' id='block_1_114' title="bbox 2039 5245 3631 5317">
    <p class='ocr_par' dir='ltr' id='par_1_114' title="bbox 2039 5245 3631 5317">
     <span class='ocr_line' id='line_1_114' title="bbox 2039 5245 3631 5317; baseline -0.001 -16"><span class='ocrx_word' id='word_1_894' title='bbox 2039 5254 2140 5310; x_wconf 88' lang='lat' dir='ltr'><strong>tes,</strong></span> <span class='ocrx_word' id='word_1_895' title='bbox 2190 5253 2248 5299; x_wconf 88' lang='lat' dir='ltr'><strong>et</strong></span> <span class='ocrx_word' id='word_1_896' title='bbox 2297 5253 2699 5317; x_wconf 90' lang='lat' dir='ltr'><strong>consequenter</strong></span> <span class='ocrx_word' id='word_1_897' title='bbox 2746 5245 2911 5301; x_wconf 88' lang='lat' dir='ltr'><strong>etiam</strong></span> <span class='ocrx_word' id='word_1_898' title='bbox 2955 5246 3198 5301; x_wconf 87' lang='lat' dir='ltr'><strong>membra</strong></span> <span class='ocrx_word' id='word_1_899' title='bbox 3252 5254 3439 5303; x_wconf 87' lang='lat' dir='ltr'><strong>nostra</strong></span> <span class='ocrx_word' id='word_1_900' title='bbox 3496 5245 3631 5301; x_wconf 85' lang='lat' dir='ltr'><strong>ﬁunt</strong></span> 
     </span>
    </p>
   </div>
   <div class='ocr_carea' id='block_1_115' title="bbox 2040 5330 3631 5411">
    <p class='ocr_par' dir='ltr' id='par_1_115' title="bbox 2040 5330 3631 5411">
     <span class='ocr_line' id='line_1_115' title="bbox 2040 5330 3631 5411; baseline -0.001 -20"><span class='ocrx_word' id='word_1_901' title='bbox 2040 5351 2192 5391; x_wconf 90' lang='lat' dir='ltr'><strong>arma</strong></span> <span class='ocrx_word' id='word_1_902' title='bbox 2232 5336 2459 5406; x_wconf 79' lang='lat' dir='ltr'><strong>iustitiae</strong></span> <span class='ocrx_word' id='word_1_903' title='bbox 2495 5336 2626 5392; x_wconf 90' lang='lat' dir='ltr'><strong>Deo.</strong></span> <span class='ocrx_word' id='word_1_904' title='bbox 2657 5330 2804 5393; x_wconf 85' lang='lat' dir='ltr'><strong>Bene</strong></span> <span class='ocrx_word' id='word_1_905' title='bbox 2830 5345 3011 5392; x_wconf 91' lang='lat' dir='ltr'><strong>autem</strong></span> <span class='ocrx_word' id='word_1_906' title='bbox 3060 5337 3431 5408; x_wconf 83' lang='lat' dir='ltr'><strong>metaphoram</strong></span> <span class='ocrx_word' id='word_1_907' title='bbox 3473 5351 3631 5411; x_wconf 82' lang='lat' dir='ltr'><strong>supe-</strong></span> 
     </span>
    </p>
   </div>
   <div class='ocr_carea' id='block_1_116' title="bbox 2040 5424 3627 5501">
    <p class='ocr_par' dir='ltr' id='par_1_116' title="bbox 2040 5424 3627 5501">
     <span class='ocr_line' id='line_1_116' title="bbox 2040 5424 3627 5501; baseline 0.001 -21"><span class='ocrx_word' id='word_1_908' title='bbox 2040 5424 2153 5481; x_wconf 86' lang='lat' dir='ltr'><strong>rius</strong></span> <span class='ocrx_word' id='word_1_909' title='bbox 2203 5427 2533 5497; x_wconf 86' lang='lat' dir='ltr'><strong>propositam</strong></span> <span class='ocrx_word' id='word_1_910' title='bbox 2561 5427 2889 5495; x_wconf 78' lang='lat' dir='ltr'><strong>custodivit,</strong></span> <span class='ocrx_word' id='word_1_911' title='bbox 2915 5436 2976 5483; x_wconf 90' lang='lat' dir='ltr'><strong>ut</strong></span> <span class='ocrx_word' id='word_1_912' title='bbox 3029 5429 3155 5499; x_wconf 90' lang='lat' dir='ltr'><strong>quia</strong></span> <span class='ocrx_word' id='word_1_913' title='bbox 3190 5444 3417 5501; x_wconf 89' lang='lat' dir='ltr'><strong>regnare</strong></span> <span class='ocrx_word' id='word_1_914' title='bbox 3474 5428 3627 5483; x_wconf 82' lang='lat' dir='ltr'><strong>dixe-</strong></span> 
     </span>
    </p>
   </div>
   <div class='ocr_carea' id='block_1_117' title="bbox 2042 5504 3627 5591">
    <p class='ocr_par' dir='ltr' id='par_1_117' title="bbox 2042 5504 3627 5591">
     <span class='ocr_line' id='line_1_117' title="bbox 2042 5504 3627 5591; baseline -0.001 -18"><span class='ocrx_word' id='word_1_915' title='bbox 2042 5528 2129 5574; x_wconf 89' lang='lat' dir='ltr'><strong>rat</strong></span> <span class='ocrx_word' id='word_1_916' title='bbox 2160 5526 2445 5588; x_wconf 89' lang='lat' dir='ltr'><strong>peccatum</strong></span> <span class='ocrx_word' id='word_1_917' title='bbox 2464 5561 2479 5585; x_wconf 92' lang='lat'><strong>,</strong></span> <span class='ocrx_word' id='word_1_918' title='bbox 2515 5536 2666 5575; x_wconf 88' lang='lat' dir='ltr'><strong>arma</strong></span> <span class='ocrx_word' id='word_1_919' title='bbox 2694 5522 2907 5591; x_wconf 88' lang='lat' dir='ltr'><strong>peccati</strong></span> <span class='ocrx_word' id='word_1_920' title='bbox 2936 5504 3174 5589; x_wconf 75' lang='lat' dir='ltr'><strong>membra</strong></span> <span class='ocrx_word' id='word_1_921' title='bbox 3206 5522 3531 5583; x_wconf 86' lang='lat' dir='ltr'><strong>nominaret,</strong></span> <span class='ocrx_word' id='word_1_922' title='bbox 3571 5526 3627 5573; x_wconf 91' lang='lat' dir='ltr'><strong>et</strong></span> 
     </span>
    </p>
   </div>
   <div class='ocr_carea' id='block_1_118' title="bbox 2042 5598 3620 5684">
    <p class='ocr_par' dir='ltr' id='par_1_118' title="bbox 2042 5598 3620 5684">
     <span class='ocr_line' id='line_1_118' title="bbox 2042 5598 3620 5684; baseline -0.003 -17"><span class='ocrx_word' id='word_1_923' title='bbox 2042 5627 2257 5668; x_wconf 88' lang='lat' dir='ltr'><strong>rursum</strong></span> <span class='ocrx_word' id='word_1_924' title='bbox 2271 5613 2381 5668; x_wconf 89' lang='lat' dir='ltr'><strong>Deo</strong></span> <span class='ocrx_word' id='word_1_925' title='bbox 2394 5615 2509 5684; x_wconf 83' lang='lat' dir='ltr'><strong>regi</strong></span> <span class='ocrx_word' id='word_1_926' title='bbox 2534 5630 2682 5669; x_wconf 91' lang='lat' dir='ltr'><strong>arma</strong></span> <span class='ocrx_word' id='word_1_927' title='bbox 2698 5613 2922 5683; x_wconf 84' lang='lat' dir='ltr'><strong>iustitiae</strong></span> <span class='ocrx_word' id='word_1_928' title='bbox 2943 5598 3136 5671; x_wconf 81' lang='lat' dir='ltr'><strong>ﬁerent</strong></span> <span class='ocrx_word' id='word_1_929' title='bbox 3155 5615 3397 5681; x_wconf 80' lang='lat' dir='ltr'><strong>membra</strong></span> <span class='ocrx_word' id='word_1_930' title='bbox 3415 5617 3620 5664; x_wconf 88' lang='lat' dir='ltr'><strong>nostra.</strong></span> 
     </span>
    </p>
   </div>
   <div class='ocr_carea' id='block_1_119' title="bbox 2118 5701 3632 5778">
    <p class='ocr_par' dir='ltr' id='par_1_119' title="bbox 2118 5701 3632 5778">
     <span class='ocr_line' id='line_1_119' title="bbox 2118 5701 3632 5778; baseline -0.003 -21"><span class='ocrx_word' id='word_1_931' title='bbox 2118 5701 2399 5760; x_wconf 83' lang='lat' dir='ltr'><strong>Peccatum</strong></span> <span class='ocrx_word' id='word_1_932' title='bbox 2425 5714 2598 5761; x_wconf 86' lang='lat' dir='ltr'><strong>autem</strong></span> <span class='ocrx_word' id='word_1_933' title='bbox 2626 5707 2782 5760; x_wconf 87' lang='lat' dir='ltr'><strong>vestri</strong></span> <span class='ocrx_word' id='word_1_934' title='bbox 2801 5707 2921 5778; x_wconf 87' lang='lat' dir='ltr'><strong>jam</strong></span> <span class='ocrx_word' id='word_1_935' title='bbox 2952 5724 3058 5762; x_wconf 88' lang='lat' dir='ltr'><strong>non</strong></span> <span class='ocrx_word' id='word_1_936' title='bbox 3083 5704 3469 5765; x_wconf 85' lang='lat' dir='ltr'><strong>dominabitur,</strong></span> <span class='ocrx_word' id='word_1_937' title='bbox 3521 5704 3632 5754; x_wconf 74' lang='lat' dir='ltr'><strong>nun</strong></span> 
     </span>
    </p>
   </div>
   <div class='ocr_carea' id='block_1_120' title="bbox 2041 5788 3633 5872">
    <p class='ocr_par' dir='ltr' id='par_1_120' title="bbox 2041 5788 3633 5872">
     <span class='ocr_line' id='line_1_120' title="bbox 2041 5788 3633 5872; baseline -0.002 -23"><span class='ocrx_word' id='word_1_938' title='bbox 2041 5791 2181 5850; x_wconf 60' lang='lat' dir='ltr'><strong>enim</strong></span> <span class='ocrx_word' id='word_1_939' title='bbox 2206 5793 2301 5850; x_wconf 77' lang='lat' dir='ltr'><strong>sub</strong></span> <span class='ocrx_word' id='word_1_940' title='bbox 2324 5792 2435 5869; x_wconf 67' lang='lat' dir='ltr'><strong>iege</strong></span> <span class='ocrx_word' id='word_1_941' title='bbox 2472 5795 2626 5863; x_wconf 82' lang='lat' dir='ltr'><strong>estis,</strong></span> <span class='ocrx_word' id='word_1_942' title='bbox 2661 5796 2750 5852; x_wconf 85' lang='lat' dir='ltr'><strong>sed</strong></span> <span class='ocrx_word' id='word_1_943' title='bbox 2778 5795 2871 5852; x_wconf 83' lang='lat' dir='ltr'><strong>sub</strong></span> <span class='ocrx_word' id='word_1_944' title='bbox 2905 5797 3100 5872; x_wconf 79' lang='lat' dir='ltr'><strong>gratia.</strong></span> <span class='ocrx_word' id='word_1_945' title='bbox 3134 5791 3318 5863; x_wconf 78' lang='lat' dir='ltr'><strong>(Aug.)</strong></span> <span class='ocrx_word' id='word_1_946' title='bbox 3349 5788 3500 5861; x_wconf 62' lang='lat' dir='ltr'><strong>Quot“</strong></span> <span class='ocrx_word' id='word_1_947' title='bbox 3532 5803 3633 5847; x_wconf 66' lang='lat' dir='ltr'><strong>au~</strong></span> 
     </span>
    </p>
   </div>
  </div>
