2028 3168
269 176 338 205 ηαδ

603 174 633 203 Β.
654 173 781 204 MBAN!
798 173 907 202 MAURI
926 171 1083 201 ARClilEP.

1105 171 1257 200 MOGUNT.
1279 171 1421 201 OPERUM
1441 171 1530 199 PARS
1546 171 1590 199 lll.
1844 172 1937 202 μω

269 233 412 270 Apostolus
433 233 460 260 in
483 232 543 259 aliis
563 231 628 259 dicit
646 240 652 258 :
670 231 749 258 Nunc
770 236 857 258 autent
882 230 997 258 videmus
1014 236 1060 264 per
1073 229 1099 260 Α
1112 228 1371 263 Circumspiciebam
1384 229 1460 263 prius
1472 228 1542 256 oculi
1554 228 1705 262 mulierem,
1725 234 1774 257 aut
1787 230 1933 258 alienum

269 279 401 315 speculum
422 280 449 306 in
472 279 609 313 rrnigmate
621 277 648 313 (Ι
660 276 722 304 Cor.
738 277 808 312 xm).
823 277 881 311 lpsa
896 281 986 303 autem
1009 275 1059 303 do-

270 321 355 353 ctrina
369 324 404 351 sit
426 323 459 352 de
468 331 525 358 .qua
540 323 648 356 dicitur,
665 327 726 349 tunc
739 329 825 349 autent
838 322 979 349 videbimus
993 321 1060 356 facie

270 372 304 399 ad
317 370 411 405 faciem
424 369 529 405 (Ibat).
547 368 623 396 Unde
635 372 660 396 et
678 368 703 394 in
715 368 839 403 prwsenti
849 368 902 394 vita
913 372 976 403 puto
989 367 1060 402 quod

270 416 382 443 formam
401 419 481 449 atque
490 413 612 440 umbram
625 413 751 439 virtutum
763 416 856 440 tenere
863 413 1005 447 possimus,
1019 412 1059 446 ip-

271 469 314 488 sas
325 468 390 487 vero
400 459 514 486 virtutes
523 462 588 490 tunc
600 465 660 484 cum
674 458 796 484 venerint
813 458 858 484 illa
872 465 930 492 quae
941 457 1060 491 perfecta

271 511 344 535 sunt.
365 506 399 533 Et
410 506 470 533 ideo
482 506 570 541 justus
583 513 653 533 nunc
664 504 767 539 magis,
779 508 809 530 ut
820 503 884 530 mibi
903 503 1018 534 videtur,
1032 503 1060 529 in

271 552 367 581 umbra
385 552 524 584 virtutum,
543 559 622 588 quam
646 551 671 577 in
692 550 757 585 ipsis
778 548 922 577 virtutibus
938 548 1013 574 vivit.

306 597 420 624 liberati
427 604 512 624 autem
520 602 658 635 apecrato,
666 596 729 623 servi
738 595 801 630 facti
812 595 1000 629 estisjustitite.
1009 593 1061 620 Ex-

271 642 367 677 positio
380 647 422 669 est
437 642 463 669 in
483 643 524 672 bis
538 650 632 670 eorum
649 650 708 677 qute
722 641 845 676 superius
865 640 982 667 diximus
1000 647 1007 665 :
1032 638 1062 666 Si

271 688 338 721 enim
352 688 421 714 ultra
436 696 487 715 non
510 689 629 721 seriviatis
646 692 767 723 peccato,
780 692 880 717 eertum
894 692 931 713 est
947 687 1008 722 quia
1027 686 1061 712 li—

272 732 352 761 berati
367 732 399 759 ab
414 741 443 760 eo
458 733 524 760 servi
538 733 601 767 facti
615 733 676 760 estis
690 732 813 773 justititv.
831 731 884 759 Sed
903 731 1060 765 requiritur,

271 777 331 814 quis
345 781 386 806 est
399 777 444 812 qui
465 778 562 810 liberat
581 785 596 804 a
618 781 738 812 peccato.
765 776 828 804 Siue
846 776 928 803 dubio
941 775 1062 802 veritatis

271 823 381 865 agnitio.
396 822 442 850 Sic
454 823 526 855 enim
541 823 646 850 dicebat
661 822 741 850 Jesus
756 821 789 850 ad
806 821 924 854 Judmos,
941 821 987 860 qui
1002 828 1061 847 cre-

270 870 397 902 diderunt
406 870 431 897 ei
445 877 452 896 :
469 870 499 897 Si
515 869 675 899 credideritis
690 868 766 900 verba
783 877 850 900 meo,
865 868 1008 903 agnoscatis
1019 874 1061 893 ve-

1111 275 1211 310 aliquid
1235 275 1267 302 ad
1298 275 1558 310 concupiscendum,
1585 281 1658 302 nunc
1683 275 1935 310 circumspiciat“

1111 323 1252 355 pauperes,
1280 320 1396 353 debiles,
1424 327 1523 355 egenos
1545 320 1578 347 ad
1597 320 1793 347 miserandum.
1825 321 1934 350 Aures

1111 366 1315 393 delectabantur
1329 366 1420 393 auditu
1435 374 1512 397 vano,
1526 365 1567 392 vel
1579 365 1710 392 bonorum
1723 367 1933 401 derogationL

1111 411 1179 443 bus;
1196 419 1267 439 nunc
1278 415 1472 439 convertantur
1488 411 1520 438 ad
1537 411 1700 438 audiendum
1714 412 1838 439 verbqu
1860 412 1929 445 Dei,

1113 459 1146 485 ad
1162 459 1378 492 explanationem
1394 459 1470 494 legis,
1493 463 1520 485 ct
1534 458 1567 487 ad
1591 458 1750 493 capiendam
1767 460 1930 494 sapientia:

1113 504 1291 539 disciplinam.
1325 504 1426 538 Lingua
1454 512 1513 538 qua:
1536 504 1677 537 conviciis,
1700 505 1865 531 maledictis
1897 511 1928 531 et

1114 550 1284 584 turpiloquiis
1300 555 1405 577 aSsueta
1420 555 1470 581 est,
1490 554 1664 576 convertatur
1679 558 1749 577 nunc
1775 551 1810 577 ad
1829 550 1926 577 bene-

1113 596 1254 623 dicendum
1270 596 1410 622 Dominum
1426 595 1451 621 in
1464 590 1688 631 omnl‘tempore:
1699 603 1863 623 sermonem
1877 604 1927 623 sa.

1114 650 1177 669 num
1197 641 1324 677 proferat,
1340 646 1366 668 et
1386 642 1542 673 honestum,
1558 645 1586 667 ut
1609 641 1653 668 det
1668 641 1784 676 gratiam
1799 642 1926 668 audien—

1116 687 1196 719 tibus,
1210 692 1237 714 et
1251 687 1390 714 veritatem
1408 686 1532 726 loquatur
1548 694 1609 713 cum
1629 687 1754 722 proximo
1771 695 1835 714 suo.
1865 687 1924 714 Sed

1115 731 1178 766 quid
1197 739 1265 766 opus
1285 736 1326 758 est
1354 732 1410 758 lucc
1438 726 1541 769 Singula
1562 732 1707 766 persequi,
1736 740 1799 758 cum
1820 737 1924 767 putem

1114 777 1195 804 etiam
1207 777 1266 809 tibi,
1279 777 1488 811 uniuscujusque
1502 777 1616 803 membri
1630 777 1825 810 ministerium,
1843 777 1923 811 quod

1113 822 1236 849 exhibuit
1252 822 1334 853 vitiis,
1352 826 1445 856 aptare
1456 822 1609 854 virtutibus,
1625 826 1651 849 et
1663 826 1754 849 actum
1768 830 1856 856 quem
1870 830 1923 849 ex-

1115 867 1202 895 hibuit
1216 867 1402 899 immundititc,
1421 868 1452 894 ad
1465 868 1616 894 castitatem
1633 876 1705 894 nunc
1719 869 1921 896 sanctiﬁcatio-

272 917 386 949 ritatem,
410 920 434 943 et
454 917 547 948 veritas
565 915 684 946 liberabit
703 923 747 941 vos
762 914 853 950 (Joan.
872 901 940 949 vin).
955 913 1061 941 Veritas
1074 901 1230 959 ypiemque
1240 914 1415 940 convertere?
1428 913 1539 940 Videtur
1550 921 1616 940 sane
1629 914 1672 941 bic
1688 914 1855 948 iniustitiam
1870 924 1924 950 pm

271 966 314 989 est
326 969 401 997 ergo,
417 968 476 996 qua:
495 961 620 994 liberata
631 964 754 1000 peccato,
768 965 796 987 ct
809 960 930 987 veritatis
949 959 1060 995 agnitio.

271 1004 381 1041 Certum
393 1010 434 1033 est
446 1009 545 1038 autem,
559 1005 624 1041 ,quia
638 1005 726 1033 omnis
746 1005 791 1039 qui
805 1005 933 1031 liberatus
953 1004 1034 1031 fuerit
1047 1012 1062 1031 a

272 1055 392 1086 peccato,
405 1050 517 1085 iustitia:
527 1051 641 1083 serviat.
656 1051 732 1084 Quod
748 1055 837 1083 autem
851 1050 973 1082 dicimus,
984 1049 1065 1085 justi-

272 1098 317 1125 tize
336 1098 445 1130 serviat,
470 1098 595 1133 quoniam
607 1097 712 1133 iustitia
740 1105 792 1124 una
811 1101 852 1124 est
875 1105 906 1123 ex
934 1097 1063 1123 virtutum

273 1144 364 1177 choro,
381 1144 468 1174 simile
482 1148 522 1176 est
546 1151 578 1172 ac
591 1144 613 1172 si
628 1144 792 1176 diceremus,
808 1143 871 1179 quia
883 1142 904 1170 si
920 1142 982 1177 quis
994 1135 1063 1169 lib?—

272 1193 348 1223 ratus
362 1194 402 1222 est
414 1194 557 1225 apeccato,
567 1190 668 1223 serviet
680 1189 798 1221 veritati,
807 1193 835 1216 et
847 1193 946 1216 serviet
957 1188 1064 1223 sapien-

273 1234 332 1269 tiai,
345 1238 375 1264 et
389 1235 489 1267 serviet
508 1236 661 1273 pudicitim,
683 1239 709 1262 et
732 1235 832 1265 serviet
843 1235 947 1270 pietati.
962 1234 1065 1261 Huma-

272 1287 333 1309 num
347 1280 404 1316 dico
417 1285 524 1317 propter
535 1280 714 1316 infirmitatem
730 1281 817 1307 carnis
829 1285 929 1307 vesti-te.
946 1279 1063 1316 (Ambr.)

270 1325 341 1358 Dum
365 1326 550 1359 inﬁrmitatem
576 1327 665 1355 carnis
688 1331 835 1360 memorat,
851 1327 941 1355 minus
969 1334 997 1354 se
1024 1326 1063 1353 si-

271 1370 501 1408 gnﬁcatexigere
515 1372 549 1400 ab
560 1372 679 1407 homine,
697 1380 779 1407 quam
792 1372 901 1409 dignum
920 1377 970 1405 est,
991 1373 1063 1405 circa

269 1415 319 1451 Dei
354 1417 496 1445 culturam.
521 1418 642 1452 Denique
664 1417 833 1447 subinl‘ertur
855 1427 861 1445 :
893 1417 967 1445 Sicut
994 1418 1063 1444 enim

268 1462 424 1495 eﬂribuistia
439 1463 553 1495 membra
566 1468 650 1491 uestra
663 1463 759 1497 servire
778 1463 952 1491 immunditiw
970 1467 993 1489 et
1014 1462 1064 1489 ini-

269 1509 366 1543 quitati
391 1508 425 1535 ad
447 1509 609 1544 iniquitatem
627 1516 636 1535 :
662 1510 699 1545 ita
719 1518 788 1537 nunc
814 1510 929 1538 exhibete
948 1509 1063 1543 membro

273 1558 357 1583 uestra
383 1555 480 1582 servire
496 1555 609 1590 justitiw
638 1556 665 1586 in
691 1556 935 1590 aanctiﬁcationem.
959 1556 994 1583 Ut
1014 1564 1062 1587 oc:-

275 1599 412 1630 casionem
448 1599 527 1630 nobis
566 1600 686 1634 auferret
722 1601 826 1629 timoris
857 1601 1004 1634 accedendi
1032 1601 1065 1633 ad

274 1643 355 1676 ﬁdem
368 1663 375 1677 ,
406 1645 468 1679 quia
492 1645 573 1679 quasi
597 1645 779 1680 importabilis
809 1646 887 1674 nobis
917 1650 950 1674 et,
970 1653 1066 1682 aspera

276 1688 424 1723 videretur,
435 1696 472 1725 ,ea
493 1697 623 1723 mensura
640 1697 694 1726 nos
715 1690 821 1721 servire
841 1691 898 1727 Deo
917 1692 1064 1726 praecepit,

274 1741 327 1769 qua
362 1735 439 1771 prius
471 1734 669 1768 famulabamur
700 1735 806 1766 diabolo
833 1743 840 1763 :
871 1744 933 1764 cum
974 1737 1066 1772 utique

271 1780 430 1817 propensius
440 1780 549 1811 deberet
568 1781 664 1809 serviri
677 1781 733 1809 Deo
743 1788 824 1816 quam
835 1782 953 1816 diabolo,
967 1784 1065 1819 quippe

271 1832 333 1856 cum
346 1825 393 1858 hic
416 1825 507 1860 salus,
528 1826 586 1864 illic
606 1828 743 1861 damnatio
771 1832 918 1863 operetur;
944 1829 1064 1856 medicus

272 1875 362 1905 tamen
374 1871 503 1909 spiritalis
518 1879 571 1903 non
583 1871 643 1908 plus
658 1880 673 1899 a
686 1872 764 1901 nobis
779 1873 872 1909 exigit,
882 1881 916 1901 ne
923 1873 986 1901 dum
998 1881 1064 1908 pne-

272 1920 350 1951 cepta
368 1918 448 1958 quasi
476 1918 568 1953 gravia
594 1919 749 1954 fugeremus
773 1921 971 1957 perpendentes
993 1921 1066 1948 inﬁr-

271 1961 394 1995 mitatem
419 1967 556 1996 nostram,
580 1972 754 1998 maneremus
782 1965 809 1993 in
837 1971 933 1995 morte.
965 1967 1063 1998 Eorum

270 2007 365 2042 procul
384 2007 465 2041 dubio
492 2009 643 2037 inﬁrmitati
673 2011 796 2047 corporis
820 2012 1062 2046 condescenditur,

271 2060 302 2080 ac
315 2053 337 2080 si
349 2054 388 2086 eis
412 2056 533 2092 apertius
547 2057 692 2091 diceretur,
709 2058 737 2086 Si
755 2067 924 2097 nequaquam
949 2061 1065 2098 amplius

266 2099 392 2134 potestis,
408 2099 502 2129 saltem
514 2101 585 2137 tales
600 2107 685 2140 estote
700 2104 726 2132 in
739 2104 831 2136 fructu
850 2105 982 2134 bonorum
997 2102 1063 2142 ope-

266 2151 340 2176 rum,
359 2144 453 2178 quales
466 2144 559 2178 ,fuistis
575 2147 674 2179 dudum
696 2149 723 2176 in
747 2150 854 2177 actione
874 2151 1014 2184 vitiorum,
1029 2158 1063 2179 ne

270 2188 413 2224 debiliores
428 2197 474 2222 vos
488 2190 588 2218 habeat
601 2196 696 2225 sancta
711 2192 823 2222 libertas
837 2194 864 2221 in
881 2194 968 2228 bonis,
993 2203 1062 2231 quos

269 2232 299 2260 in
319 2240 400 2268 carne
422 2234 525 2270 validos
551 2236 646 2271 habuit
672 2245 736 2272 usus
761 2242 877 2268 terrenae
901 2240 1058 2269 voluntatis.

265 2276 369 2314 (θήῃ.)
381 2278 451 2314 Quid
463 2287 530 2316 ergo
550 2284 603 2316 tam
619 2282 780 2317 humanum,
796 2285 847 2315 hoc
861 2289 912 2319 est,
927 2286 991 2320 quid
1005 2291 1059 2314 tam

262 2324 411 2367 leve,un
423 2330 478 2355 tam
486 2327 645 2361 sineoncre,
658 2333 685 2359 et
695 2330 766 2364 quod
775 2331 847 2358 nulla
854 2339 966 2367 prorsus
975 2334 1060 2368 possit

268 2372 360 2405 carnis
372 2372 516 2405 inﬁrmitas
527 2376 674 2406 excusare?
692 2376 778 2411 Sicut,
795 2378 893 2415 inquit,
906 2380 1060 2408 exhibuistts

263 2419 384 2449 νηιεηιιινα
389 2425 475 2452 ναίει
481 2422 576 2452 nutrire
583 2422 715 2458 iniquitati
722 2424 756 2451 ad
763 2425 937 2460 iniquitatem;
946 2428 983 2454 ita
991 2436 1059 2455 nunc

266 2466 385 2495 altilia“
392 2467 508 2498 umbra
520 2473 604 2499 vestra
616 2469 712 2500 servire
714 2469 827 2504 justitiw
836 2472 863 2498 in
873 2472 1060 2507 sanctiﬁcatio-

261 2521 337 2542 nem.
345 2514 693 2551 lngloriommquidemest,
701 2517 772 2544 utita
779 2517 840 2552 quis
847 2519 1000 2550 virtutibus,
1009 2520 1059 2548 sic—

264 2563 299 2587 ut
306 2559 584 2595 vitiisservht.Mullo
594 2562 666 2592 enim
678 2563 792 2598 amplius
801 2568 828 2591 et
839 2564 922 2593 multo
930 2565 1058 2594 intentius

263 2603 425 2634 honoranda
446 2606 552 2641 iustitia
566 2612 618 2637 est.
638 2607 691 2638 Sed
704 2616 766 2644 ego,
787 2610 884 2644 inquit,
900 2611 1016 2640 humane
1029 2618 1058 2642 et

265 2651 448 2679 communiter
468 2659 527 2687 ago,
555 2653 649 2681 eadem
674 2655 788 2688 postulo,
815 2656 913 2685 similia
938 2658 1055 2692 requiro.

256 2693 373 2722 ﬁndqu
384 2698 530 2727 canebant
542 2699 623 2734 pedes
633 2701 715 2728 vestri
731 2701 765 2728 ad
777 2701 927 2731 daauonum
941 2704 1036 2738 templa
1048 2713 1055 2736 ;

264 2746 339 2768 nntic
354 2748 517 2770 concinnant
529 2744 562 2771 ad
574 2744 725 2773 Ecclesiam
744 2745 803 2774 Dei.
817 2747 968 2775 Currebaut
982 2750 1057 2783 prius

259 2787 299 2815 ad
321 2786 527 2822 eiundendum;
552 2798 623 2818 nunc
648 2792 681 2819 ad
704 2792 873 2822 liberandqu
898 2796 1055 2829 sanguinem

261 2838 386 2860 amnt.
406 2833 639 2864 Protendebantur
654 2837 729 2871 prius
756 2846 852 2866 manus
871 2844 899 2867 ut
913 2840 999 2868 aliena
1014 2842 1054 2868 di—

258 2877 395 2915 tipemnt,
408 2886 482 2908 nunc
494 2881 692 2918 protendantur
717 2886 747 2912 ut
761 2883 876 2921 propria
896 2884 1051 2922 largiantur.

1079 1579 1102 1611 (Ζ

1073 1601 1102 1615 ου
1119 1606 1213 1628 servus
1235 1601 1338 1634 peccati
1354 1610 1360 1627 :
1379 1601 1440 1628 dum
1457 1606 1551 1636 peccat
1562 1602 1646 1637 enim,
1660 1604 1762 1630 recedit
1779 1612 1793 1630 a
1807 1604 1875 1636 Deo,
1892 1612 1918 1631 et

1074 2265 1101 2297 Β

1114 958 1239 986 omnibus
1262 958 1341 986 simul
1364 959 1508 986 virtutibus
1533 959 1697 991 nominasse,
1730 961 1803 987 sicut
1830 969 1923 988 econ-

1114 1004 1199 1031 trario
1214 1004 1383 1039 iniquitatem
1396 1012 1445 1039 pro
1456 1005 1582 1032 omnibus
1593 1006 1672 1032 simul
1684 1006 1757 1033 vitiis
1773 1007 1921 1041 posuisse.

1113 1049 1223 1077 Addidit
1232 1050 1424 1084 sane,justitiae
1438 1051 1464 1077 iu
1477 1051 1729 1083 sanctitieatiouem,
1738 1052 1813 1086 quod
1821 1053 1923 1079 videli-

1114 1099 1158 1122 cet
1170 1096 1302 1123 castitatis
1309 1101 1413 1130 partem
1422 1097 1618 1132 ctgcneraliter
1631 1106 1690 1124 cum
1702 1098 1822 1131 (alueris,
1832 1103 1862 1125 et
1870 1106 1922 1133 per

1114 1142 1286 1177 semetipsam
1308 1143 1461 1177 specialiter
1483 1145 1692 1172 commendaret.
1717 1144 1771 1172 Sed
1794 1150 1825 1172 et
1849 1146 1921 1173 illud

1114 1187 1214 1222 aspice,
1230 1188 1301 1222 quod
1313 1188 1411 1222 ubique
1432 1197 1480 1223 pcr
1495 1189 1552 1216 hac
1567 1189 1672 1216 arbitrii
1694 1190 1853 1217 libertatem
1871 1191 1921 1217 de-

1114 1232 1212 1267 signat,
1229 1236 1256 1259 et
1274 1233 1392 1260 ostendit
1405 1241 1624 1269 unumquemque
1638 1235 1738 1262 habere
1752 1235 1779 1261 in
1799 1243 1850 1262 sua
1868 1242 1920 1269 po-

1114 1281 1222 1311 testate,
1244 1284 1273 1305 ut
1288 1287 1347 1314 qua:
1361 1284 1422 1306 ante
1441 1280 1575 1315 iniquitati
1591 1280 1623 1307 ad
1643 1280 1814 1316 iniquitatem
1830 1283 1921 1308 servi-

1115 1324 1151 1351 tia
1168 1324 1346 1359 dependebat,
1361 1325 1426 1357 iure,
1446 1333 1576 1354 converso
1592 1327 1618 1353 in
1641 1327 1736 1353 melius
1757 1328 1913 1363 proposito.

1110 1369 1223 1406 iustitia:
1258 1372 1518 1408 sanctilicationique
1550 1374 1693 1409 dependat,
1718 1375 1788 1408 quod
1814 1375 1915 1409 utique

1115 1415 1174 1442 ﬁeri
1193 1423 1246 1443 non
1264 1421 1365 1451 posset,
1388 1417 1410 1444 si
1430 1422 1475 1444 aut
1491 1423 1598 1451 natura,
1615 1423 1644 1445 ut
1658 1419 1820 1454 quibusdam
1836 1420 1913 1447 vide-

1116 1466 1171 1493 tur,
1186 1467 1356 1498 repugnaret,
1372 1469 1417 1489 aut
1430 1468 1565 1491 astrorum
1577 1472 1674 1492 cursus
1687 1465 1846 1492 obsisteret.

1151 1507 1216 1534 Cum
1227 1509 1294 1534 enim
1308 1509 1374 1536 servi
1385 1511 1474 1537 essetis
1484 1511 1593 1545 peccati,
1610 1510 1684 1538 liberi
1693 1512 1773 1538 eratis
1783 1511 1916 1546 jnstiu‘rr.

1119 1547 1235 1589 (Ambr.)
1247 1553 1418 1582 lllauii'estum
1432 1561 1482 1587 est,
1497 1556 1558 1590 quia
1568 1557 1613 1591 qui
1625 1556 1695 1584 liber
1707 1562 1748 1584 cst
1762 1565 1777 1584 a
1791 1558 1859 1589 Dm,
1875 1565 1917 1585 (ξι

1119 1644 1150 1672 ﬁt
1172 1646 1221 1673 sub
1246 1651 1368 1681 peccato.
1385 1641 1476 1685 (.4ttg.)
1501 1647 1613 1676 Liberos
1640 1649 1843 1685 dicitjustitiae,
1864 1658 1918 1678 non

1119 1690 1257 1725 liberatos,
1272 1700 1285 1719 a
1300 1699 1411 1727 peccato
1436 1699 1525 1722 autem
1541 1703 1594 1722 uou
1609 1695 1719 1729 liberos,
1743 1704 1776 1723 ne
1793 1696 1846 1723 sibi
1865 1698 1916 1724 hoc

1119 1737 1283 1771 tribuerent;
1299 1740 1345 1767 sed
1359 1741 1565 1776 vigilantissime
1583 1742 1677 1769 maluit
1702 1743 1793 1770 dicere
1810 1743 1915 1771 libera.

1118 1787 1169 1815 tos,
1187 1784 1308 1812 referens
1324 1787 1373 1813 hoc
1399 1787 1432 1814 ad
1450 1787 1523 1814 illam
1549 1787 1654 1815 Domini
1679 1789 1844 1817 sententiam
1862 1798 1871 1816 :
1889 1790 1916 1817 Si

1117 1836 1160 1855 vos
1189 1827 1275 1856 Filius
1294 1831 1451 1864 liberaverit,
1470 1837 1531 1859 tunc
1545 1841 1601 1859 vere
1617 1832 1692 1859 liberi
1720 1834 1794 1860 eritis
1817 1834 1914 1869 (Jonu.

1116 1873 1175 1909 vn).
1201 1874 1291 1902 Liberi
1316 1883 1381 1911 ergo
1398 1884 1411 1902 a
1425 1877 1531 1911 justitia
1547 1885 1600 1905 non
1627 1884 1698 1911 sunt,
1726 1880 1777 1907 nisi
1797 1880 1916 1908 arbitrio

1113 1918 1243 1954 liberati;
1264 1921 1341 1949 liberi
1373 1927 1463 1950 autem
1491 1931 1505 1950 a
1529 1928 1640 1958 peccato
1668 1933 1721 1952 non
1752 1926 1831 1957 ﬁunt,
1864 1928 1915 1954 nisi

1111 1965 1203 2005 gratia
1227 1966 1375 1994 Salvatoris
1395 1973 1505 2005 propter
1527 1970 1598 2006 quod
1626 1970 1795 1998 admirabilis
1815 1971 1916 1999 doctor

1119 2011 1201 2038 etiam
1226 2012 1307 2039 verba
1327 2013 1384 2048 ipsa
1398 2008 1536 2041 discrevit;
1552 2014 1652 2051 (Oi-ig.)
1680 2016 1745 2044 Cum
1757 2017 1826 2044 enim
1842 2015 1914 2045 scivi

1114 2056 1214 2090 essetis,
1224 2056 1318 2097 inquit,
1326 2059 1435 2091 peccati,
1447 2057 1522 2086 liberi
1530 2059 1619 2094 fuistis
1626 2060 1748 2095 justitia'.
1762 2061 1829 2088 Cum
1843 2069 1912 2098 ergo

1115 2101 1177 2136 quis
1192 2096 1303 2137 peccato
1315 2103 1409 2135 servit,
1419 2103 1529 2138 iustitiae
1545 2105 1613 2132 liber
1627 2110 1678 2138 est,
1700 2106 1750 2133 hoc
1766 2110 1818 2138 est,
1842 2096 1911 2135 alie-

1113 2154 1164 2175 nus
1188 2155 1202 2174 a
1222 2148 1338 2183 justitia.
1368 2149 1416 2177 llic
1439 2151 1509 2177 enim
1531 2151 1643 2178 liberum
1674 2153 1790 2181 alienum
1825 2154 1904 2189 dicit.

1113 2197 1141 2220 et
1154 2197 1226 2220 recte
1240 2195 1359 2232 quidem.
1373 2195 1456 2223 Nemo
1465 2196 1537 2223 enim
1555 2201 1642 2232 potest
1653 2197 1767 2232 justitiae
1782 2199 1860 2225 simul
1879 2205 1907 2227 et

1112 2243 1223 2275 peccato
1231 2240 1341 2272 servile,
1349 2241 1418 2267 sicut
1439 2245 1465 2267 et
1477 2231 1601 2269 Salvator
1612 2231 1689 2276 dixit,
1701 2245 1763 2279 quia
1775 2253 1846 2272 nemo
1859 2253 1907 2280 μοι

1093 2285 1100 2324 ς
1115 2289 1162 2311 test
1182 2285 1283 2312 duobus
1297 2286 1409 2313 demittis
1426 2288 1521 2314 servire
1545 2288 1653 2323 (Matth.
1674 2289 1722 2325 vr).
1737 2290 1788 2317 Sed
1807 2290 1840 2317 de
1856 2291 1902 2318 his

1111 2330 1220 2368 plenius
1231 2339 1310 2366 supra
1323 2332 1449 2359 diximus.
1462 2332 1528 2361 illud
1539 2342 1603 2362 sane
1619 2336 1765 2367 notandum
1778 2341 1827 2369 est,
1840 2343 1903 2365 esse

1114 2376 1266 2406 libertatem
1294 2379 1470 2414 culpabilem,
1498 2387 1525 2409 et
1550 2381 1708 2409 laudabilem
1735 2383 1901 2410 servitutem.

1113 2423 1181 2451 Nam
1194 2424 1306 2455 liberum
1322 2427 1504 2462 essejustitiaz
1520 2427 1622 2455 crimen
1635 2432 1676 2455 est
1691 2436 1816 2456 :servum
1836 2437 1901 2456 vero

1113 2477 1172 2498 esse
1201 2471 1343 2500 laudabile.
1367 2473 1443 2506 Quod
1464 2478 1552 2500 autem
1576 2474 1641 2501 dicit
1659 2474 1773 2509 justitiae
1794 2482 1899 2501 servum

1111 2516 1182 2551 ﬁeri,
1198 2517 1276 2547 simul
1292 2518 1409 2553 iutclligc
1423 2523 1450 2546 et
1466 2519 1613 2554 sapientitc,
1628 2524 1654 2546 et
1668 2520 1769 2555 pietati,
1786 2525 1813 2547 et
1826 2519 1901 2554 pudi-

1107 2563 1192 2596 citiae,
1208 2568 1235 2591 et
1257 2565 1382 2592 omnibus
1405 2573 1458 2594 una
1472 2565 1628 2598 virtutibus,
1651 2565 1721 2593 sicut
1737 2566 1898 2597 econtran‘b,

1111 2609 1156 2644 qui
1172 2614 1275 2645 peccat,
1292 2618 1387 2637 servus
1402 2616 1444 2638 est
1457 2611 1536 2640 simul
1554 2616 1581 2638 et
1605 2612 1828 2647 concupiscentim
1843 2607 1900 2639 rna-

1110 2654 1154 2687 la3,
1178 2656 1275 2688 crine,
1300 2660 1327 2684 ct
1350 2655 1461 2690 furoris,
1486 2661 1513 2683 et
1532 2657 1717 2691 impudicitiae,
1737 2662 1765 2684 et
1787 2659 1898 2693 rapinas,

1111 2705 1138 2728 et
1153 2702 1278 2728 omnibus
1297 2701 1376 2730 simul
1397 2703 1468 2730 vitiis
1487 2710 1517 2729 ac
1544 2703 1693 2730 sceleribus
1713 2703 1806 2730 servit.
1823 2703 1899 2730 Unde

1108 2748 1287 2783 nosmetipsos
1309 2756 1415 2783 semper
1429 2750 1562 2777 discutere
1586 2749 1716 2776 debemus
1732 2757 1781 2784 per
1795 2748 1898 2784 singula

1107 2802 1220 2829 quaeque
1230 2803 1289 2829 qum
1300 2797 1427 2830 gerimus,
1442 2801 1469 2822 et
1482 2796 1509 2822 in
1520 2803 1683 2830 unoquoque
1698 2800 1759 2822 actu
1775 2795 1897 2823 cousitlc~

1107 2847 1168 2868 rare
1187 2841 1294 2868 cuinam
1318 2842 1476 2873 serviamus,
1498 2846 1644 2877 peccatone
1667 2842 1701 2869 ad
1715 2841 1897 2880 iniquitatem,

1107 2893 1142 2914 an
1155 2885 1268 2922 iustitiae
1283 2887 1310 2915 in
1322 2887 1575 2916 sanctiticationem.
1801 2884 1829 2902 “‘
1848 2881 1867 2907 "5
1873 2891 1887 2906 ¹¹
