4000 6398
507 198 642 288 itis

1137 230 1201 286 Β.
1241 229 1494 287 RABANI
1535 227 1753 286 MAURI
1789 226 2105 285 ARCHIEP.
2145 225 2450 291 MOGUNT.
2492 225 2779 284 OPERUM
2816 226 2998 283 PARS
3035 227 3123 283 ΠΙ.

3666 232 3845 284 14ιί6

504 353 689 417 micis;
728 351 807 406 sic
845 350 930 405 lex
959 349 1085 404 data
1127 354 1312 404 est'ut
1352 357 1698 420 peccatorum
1740 356 1943 402 Venena
1993 345 2161 405 (ιθ-Α
2188 342 2439 398 cordibus
2472 343 2671 399 nostris
2701 344 2840 399 idem
2880 343 3170 414 Apostolus
3198 346 3353 401 docet
3392 363 3405 399 :
3447 346 3599 401 Cum
3668 351 3846 402 enim

502 449 785 506 monstret,
813 449 871 495 ut
892 441 1165 495 hominem
1192 440 1331 494 male
1352 439 1600 493 libertate
1621 453 1717 493 sua
1745 438 2076 500 abutentem,

503 532 596 604 qui
638 533 788 603 prius
822 531 1098 587 ferebatur
1137 529 1499 600 improvidus,
1547 536 1601 583 et
1645 544 1743 598 per
1784 525 2080 596 praecipitia

500 625 821 689 labebatur,
856 622 1011 679 freno
1059 622 1192 693 legis
1243 622 1492 684 retineat,
1523 628 1577 673 et
1629 618 1941 688 compositis
1986 617 2081 671 do-

501 725 623 773 ceat
664 714 914 771 incedere
958 714 1262 787 gressibus,
1294 713 1471 768 itaut
1504 712 1801 767 serviamus
1838 711 1891 764 in
1923 709 2077 763 novi-

502 816 611 864 tate
655 807 910 880 spiritus,
956 816 1014 863 et
1067 824 1171 863 non
1217 807 1270 861 in
1312 815 1579 862 vetustate
1619 806 1841 881 litterae,
1878 804 1930 859 id
1960 810 2076 870 est,

501 900 747 954 vivamus
792 898 893 954 sub
916 905 1211 970 praecepto,
1246 897 1335 967 qui
1365 896 1518 967 prius
1548 896 1600 949 in
1644 894 1859 949 modum
1890 894 2079 948 bruto-

502 1003 623 1044 rum
641 987 953 1043 animalium
977 987 1315 1058 degehamus,
1345 986 1721 1040 Mandueemus
1750 993 1797 1038 et
1820 983 2079 1048 bibamus,

501 1093 617 1132 cras
645 1079 784 1132 enim
810 1077 1093 1131 moriemur
1120 1075 1173 1147 (Ι
1200 1074 1324 1130 Cor.
1353 1092 1438 1138 xv,
1463 1074 1574 1145 52).
1625 1073 1779 1140 Quod
1819 1074 1863 1128 si
1891 1072 2077 1129 subin-

502 1174 676 1224 trante
705 1168 823 1240 lege
854 1168 994 1240 (quae
1028 1168 1183 1222 docet
1211 1168 1340 1238 quid
1370 1167 1570 1232 facere,
1594 1176 1649 1222 et
1670 1166 1921 1236 prohibet
1950 1166 2080 1235 quid

500 1277 607 1317 non
631 1260 814 1316 facere
826 1259 1139 1332 debeamus)
1154 1260 1287 1316 vitio
1308 1267 1494 1314 nostro
1512 1267 1569 1314 et
1591 1254 1974 1313 incontinentia
2003 1256 2082 1313 fe-

498 1370 683 1425 ramur
697 1360 883 1409 contra
906 1353 1044 1408 scita
1065 1350 1603 1425 legalia,videturlex
1630 1365 1791 1405 causa
1817 1364 1937 1404 esse
1955 1363 2081 1420 pec-

496 1424 625 1511 cati,
640 1461 761 1516 quae
776 1445 907 1501 dum
926 1444 1178 1515 prohibet
1191 1424 1705 1512 concupiscentiam,
1720 1439 2079 1510 quodammo-

496 1537 565 1593 do
580 1554 698 1593 eam
720 1537 1059 1593 inﬂammare
1078 1537 1439 1607 cognoscitur.
1456 1535 1742 1591 Saecularis
1761 1533 1901 1603 apud
1924 1531 2076 1588 Gras-

496 1644 593 1686 cos
617 1629 886 1689 sententia
911 1636 995 1684 est
1016 1645 1031 1681 :
1061 1627 1332 1698 Quidquid
1359 1628 1486 1683 licet
1511 1628 1689 1681 minus
1716 1624 2089 1690 desideratur,

2178 442 2372 503 gentes,
2396 450 2513 503 qua:
2535 451 2638 488 non
2657 435 2845 490 habent
2876 434 3037 505 legem
3070 437 3380 490 naturaliter
3405 455 3469 491 ea
3498 457 3646 509 qui:
3684 440 3844 511 legis

2179 534 2299 579 sunt
2344 525 2576 593 faciunt,
2607 526 2726 590 isti,
2768 526 2931 596 legem
2964 542 3066 581 non
3109 528 3375 588 habentes.
3400 530 3633 600 sibiipsi
3691 547 3841 586 sunt

2180 617 2295 682 lex;
2317 619 2408 688 qui
2435 617 2669 671 indicum
2691 634 2818 687 Opus
2843 619 2968 688 legis
2994 620 3240 689 scriptum
3274 623 3328 674 in
3357 624 3630 677 cordibus
3667 626 3840 688 suis,

2181 709 2530 764 testimonium
2562 710 2821 780 praebente
2846 709 2952 765 illis
2982 711 3297 765 conscientia
3321 712 3505 782 (Rom.
3547 714 3647 785 ιι).
3704 715 3835 771 Ista

2179 799 2267 854 lex
2290 815 2411 869 quae
2437 799 2492 853 in
2520 800 2683 855 corde
2704 799 2983 865 scribitur,
3015 816 3204 855 omnes
3232 802 3475 858 continet
3499 806 3829 868 nationes,

2180 899 2235 947 et
2261 890 2437 967 nullus
2459 892 2740 947 hominum
2760 900 2862 955 est,
2879 892 2974 962 qui
2996 892 3135 967 hanc
3160 892 3329 964 legem
3357 896 3625 962 nesciat;
3654 900 3834 953 unde

2180 982 2357 1036 omnis
2391 981 2624 1037 mundus
2668 983 2769 1037 sub
2817 991 3080 1052 peccato,
3125 991 3180 1039 et
3221 985 3463 1040 universi
3530 988 3830 1043 homines

2179 1074 2624 1145 prawaricatores
2647 1074 2781 1145 legis
2806 1083 2955 1141 sunt,
2975 1084 3031 1131 et
3050 1076 3252 1132 idcirco
3274 1076 3486 1145 justum
3504 1077 3823 1147 judicium

2183 1166 2278 1221 Dei
2312 1174 2396 1220 est
2419 1165 2706 1222 scribentis
2727 1166 2781 1222 in
2804 1167 2965 1223 corde
2984 1169 3201 1237 generis
3226 1170 3471 1224 humani.
3503 1170 3694 1236 Quod
3720 1173 3829 1226 tibi

2181 1257 2299 1325 ﬁeri
2330 1256 2584 1322 nolueris,
2615 1255 2769 1312 alteri
2798 1274 2861 1312 ne
2904 1258 3107 1328 feceris.
3134 1258 3268 1326 Quis
3299 1261 3516 1331 ignorat
3548 1262 3820 1317 homici-

2183 1352 2354 1421 dium,
2376 1350 2719 1428 adulterium
2739 1394 2755 1418 ,
2780 1351 2924 1407 furta
2953 1361 3009 1408 et
3031 1355 3822 1431 omnemconcupiscentiam

2183 1460 2301 1501 esse
2321 1430 2544 1509 malum,
2578 1461 2645 1500 ex
2671 1460 2737 1501 eo
2760 1445 2904 1514 quod
2931 1445 3034 1500 sibi
3075 1460 3140 1500 ea
3180 1430 3316 1500 nolit
3341 1445 3462 1500 ﬁeri
3480 1447 3505 1499 ?
3549 1445 3624 1502 Si
3653 1449 3821 1501 enim

2184 1539 2325 1593 mala
2348 1554 2468 1594 esse
2502 1539 2760 1603 nesciret,
2790 1553 3064 1609 nunquam
3095 1538 3199 1593 sibi
3221 1538 3426 1593 doleret
3446 1553 3584 1594 esse
3618 1539 3823 1593 illata.

2186 1630 2293 1684 Per
2318 1631 2459 1684 hanc
2488 1629 2790 1684 naturalem
2820 1629 2994 1700 legem
3027 1636 3085 1685 et
3124 1627 3258 1684 Cain
3296 1630 3563 1700 cognovit
3592 1646 3821 1700 pecca-

495 1736 626 1793 ergo
654 1721 957 1778 econtrario
978 1720 1240 1790 quidquid
1261 1734 1369 1773 non
1387 1718 1517 1774 licet
1555 1717 1850 1772 fomentum
1885 1716 2083 1786 accipit
2111 1704 2159 1763 Β
2189 1728 2302 1773 tum
2355 1733 2510 1773 suum
2539 1758 2555 1783 ,
2598 1718 2785 1773 dicens
2815 1735 2831 1774 :
2863 1706 3043 1789 Major
3068 1723 3144 1773 est
3170 1735 3331 1774 causa
3357 1735 3500 1784 mea,
3533 1737 3719 1790 quam
3760 1731 3821 1771 ut

500 1812 776 1869 desiderii.
802 1810 956 1867 Unde
980 1817 1037 1865 et
1062 1808 1267 1864 Tullius
1290 1809 1356 1864 de
1389 1808 1779 1878 parricidarum
1808 1806 2085 1877 suppliciis

500 1903 642 1974 apud
666 1901 1025 1957 Athenienses
1049 1899 1300 1955 Solonem
1340 1900 1624 1970 scripsisse
1658 1906 1851 1970 negat,
1883 1913 1949 1954 ne
1977 1914 2084 1954 non

499 2003 612 2050 tam
662 1994 948 2064 prohibere
996 2007 1157 2063 quam
1206 2006 1551 2047 commonere
1590 1992 1883 2047 videretur.
1917 1992 2085 2062 Igitur

499 2086 584 2142 lex
616 2078 757 2158 apud
783 2092 1184 2155 contemptores
1205 2091 1259 2137 et
1298 2083 1487 2154 legalia
1514 2090 1783 2154 praecepta
1810 2082 2085 2138 calcantes

498 2193 621 2234 esse
660 2176 881 2233 videtur
928 2164 1144 2234 occasio
1186 2176 1543 2241 delictorum,
1587 2178 1714 2232 dum
1747 2175 2083 2246 prohibendo

499 2268 644 2339 quod
674 2283 782 2323 non
816 2268 932 2323 vult
966 2266 1106 2334 ﬁeri,
1139 2267 1269 2338 ligat
1292 2282 1387 2323 eos
1414 2268 1644 2323 vinculis
1664 2268 2080 2333 mandatorum;

497 2361 589 2432 qui
607 2361 758 2431 prius
778 2361 981 2431 absque
994 2360 1111 2432 lege
1128 2368 1414 2431 peccantes
1428 2374 1537 2415 non
1559 2360 1881 2415 tenebantur
1900 2359 2085 2415 crimi-

498 2454 676 2508 nibus.
696 2452 820 2509 Haac
838 2451 1096 2518 diximus,
1111 2451 1309 2522 legem,
1330 2467 1450 2521 «luas
1470 2467 1567 2521 per
1579 2449 1798 2521 Moysen
1822 2449 1946 2503 data
1968 2458 2076 2515 est,

498 2544 895 2615 intelligentes;
919 2559 1107 2599 verum
1129 2545 1254 2613 quia
1269 2543 1321 2597 in
1348 2541 1801 2612 consequentibus
1824 2542 2084 2610 scriptum

504 2641 590 2689 est
615 2652 628 2688 :
656 2632 763 2689 Lex
793 2634 909 2698 Dei,
931 2641 988 2691 et
1017 2634 1102 2689 lex
1149 2633 1329 2690 carnis
1353 2643 1515 2703 atque
1548 2633 1932 2695 membrorum,
1966 2646 2086 2702 qua:

506 2737 709 2799 pugnat
724 2728 1011 2784 adversum
1025 2728 1195 2800 legem
1220 2727 1417 2783 mentis
1431 2734 1647 2791 nostrae,
1665 2733 1720 2783 et
1730 2725 1971 2794 captivos
1986 2739 2086 2780 nos

511 2819 659 2874 ducit
686 2820 740 2874 in
772 2819 888 2891 lege
911 2820 1150 2890 peccati,
1188 2818 1454 2888 simulque
1503 2825 1737 2888 quatuor
1770 2817 1914 2887 leges
1944 2815 2086 2870 inter

504 2927 561 2967 se
583 2911 904 2968 dimicantes
922 2912 976 2967 in
999 2929 1106 2967 uno
1130 2911 1248 2967 loco
1270 2912 1504 2981 scriptas
1519 2921 1949 2978 esse-cognosco,
1978 2920 2085 2961 non

506 3000 711 3069 absque
739 3015 800 3056 re
827 3001 1083 3071 arbitror,
1108 3000 1152 3054 si
1195 3014 1436 3069 quaeram
1483 3006 1615 3068 quot
1640 3010 1835 3068 genera
1868 2994 2000 3064 legis
2028 2993 2085 3048 in

500 3090 797 3162 Scripturis
820 3091 1023 3145 sanctis
1043 3105 1165 3144 esse
1194 3076 1599 3155 memorentur;
1623 3087 1819 3142 dicitur
1853 3085 1939 3139 lex
1962 3098 2081 3152 qua:

499 3194 598 3250 per
622 3179 841 3252 Moysen
864 3179 987 3234 data
1033 3187 1148 3253 est,
1180 3178 1471 3234 secundum
1500 3177 1630 3231 illud
1654 3177 1798 3246 quod
1823 3162 2087 3245 scriptum

501 3280 587 3325 est
612 3273 680 3325 ad
705 3269 926 3326 Galatas
949 3288 962 3324 :
991 3269 1259 3340 Quotquot
1287 3261 1423 3323 enim
1443 3284 1507 3322 ea;
1532 3268 1769 3337 operibus
1791 3266 1919 3336 legis
1941 3274 2083 3331 sunt,

500 3360 593 3414 sub
623 3361 898 3416 maledicto
941 3371 1083 3415 sunt.
1119 3360 1385 3432 Scriptum
1432 3368 1506 3414 est
1532 3360 1671 3414 enim
1710 3373 1729 3411 :
1771 3356 2084 3413 Maledictus

500 3452 668 3506 omnis
697 3453 787 3524 qui
818 3468 922 3507 non
954 3462 1219 3523 permanet
1247 3454 1305 3507 in
1331 3452 1570 3506 omnibus
1596 3468 1712 3522 quae
1741 3452 1935 3521 scripta
1962 3458 2084 3504 sunt

499 3541 554 3596 in
588 3540 720 3596 libro
755 3542 901 3613 legis,
934 3550 992 3596 ut
1040 3543 1203 3613 faciat
1232 3559 1294 3596 ea
1325 3541 1467 3613 (Gal.
1507 3541 1612 3614 ιιι).
1661 3542 1728 3595 Ει
1767 3556 1981 3596 rursum
2027 3540 2084 3594 in

500 3633 689 3688 eadem
720 3633 958 3704 Epistola
1001 3654 1014 3688 :
1044 3632 1153 3688 Lea:
1178 3643 1388 3705 propter
1414 3632 1871 3704 prtevaricationes
1912 3632 2084 3701 posita

500 3732 595 3788 est,
611 3724 774 3777 donec
800 3723 989 3777 veniret
1016 3740 1190 3777 semen
1216 3724 1300 3776 cui
1325 3723 1694 3792 repromissum
1706 3729 1805 3785 est,
1828 3719 2084 3790 disposita

496 3830 590 3886 per
616 3813 828 3885 angelos
858 3814 913 3868 in
940 3830 1101 3868 manu
1128 3812 1437 3868 Mediatoris
1474 3811 1685 3883 (lbid.).
1717 3811 1783 3865 Et
1819 3811 2015 3864 iterum
2065 3826 2079 3862 :

497 3902 687 3974 Itaque
707 3902 792 3957 lea:
813 3904 1128 3974 pazdagogus
1153 3913 1329 3957 noster
1351 3903 1451 3972 fuit
1473 3904 1527 3956 in
1548 3902 1780 3967 Christo,
1809 3912 1867 3956 ut
1891 3919 1956 3956 ea:
1979 3901 2083 3970 ﬁde

495 3992 865 4063 iustiﬁcemur.
890 3992 1179 4065 Postquam
1210 4004 1382 4048 autem
1420 3995 1556 4047 venit
1579 3993 1733 4062 ﬁdes,
1758 4009 2083 4065 nequaquam

489 4084 643 4138 ultra
665 4084 761 4139 sub
784 4085 1068 4156 pazdagogo
1098 4102 1278 4140 sumus
1303 4099 1320 4136 :
1352 4103 1526 4139 omnes
1552 4088 1689 4140 enim
1713 4086 1811 4155 ﬁlii
1837 4084 1934 4138 Dei
1961 4084 2083 4138 estis

498 4191 594 4245 per
641 4175 820 4244 ﬁdem,
853 4192 969 4246 quia
993 4186 1070 4230 est
1110 4177 1166 4229 in
1196 4176 1401 4231 Christo
1431 4176 1562 4230 Iesu
1610 4177 1798 4247 (Ibid.)
1847 4176 2083 4230 Historia

503 4278 741 4334 quoque,
763 4279 882 4333 qua:
900 4273 1171 4334 praecepta
1199 4280 1307 4319 non
1330 4269 1594 4329 continet,
1616 4267 1712 4319 sed
1732 4266 1859 4333 quid
1881 4267 2080 4319 factum

2110 3046 2158 3110 C

2187 1809 2445 1863 dimittar.
2506 1809 2573 1864 Et
2616 1808 2790 1865 Adam
2834 1817 2890 1866 et
2931 1810 3041 1864 Eva
3083 1820 3451 1881 cognoverunt
3494 1820 3822 1882 peccatum

2189 1913 2377 1963 suum,
2420 1907 2477 1953 et
2519 1907 2805 1969 propterea
2836 1900 3141 1955 absconditi
3177 1910 3304 1956 sunt
3327 1901 3427 1957 sub
3457 1900 3623 1971 ligno
3652 1904 3817 1957 vitaz.

2187 1989 2400 2046 Pharao
2425 2004 2660 2060 quoque,
2704 1991 2995 2061 antequam
3040 1991 3127 2047 lex
3153 1990 3377 2046 daretur
3402 2007 3510 2063 per
3540 1992 3816 2064 Moysen,

2188 2081 2494 2137 stimulatus
2515 2080 2633 2152 lege
2651 2091 2880 2148 naturae,
2903 2098 3000 2138 sua
3042 2082 3267 2138 crimina
3294 2083 3603 2139 conﬁtetur
3626 2097 3689 2140 et
3718 2087 3812 2139 di-

2189 2172 2264 2226 cit
2289 2190 2307 2226 :
2329 2172 2586 2227 Dominus
2606 2174 2812 2243 justus,
2833 2191 2926 2246 ego
2949 2184 3122 2229 autem
3145 2186 3192 2229 et
3215 2175 3440 2246 populus
3463 2194 3627 2232 meus
3652 2179 3815 2248 impii

2189 2264 2500 2336 (Exodux).
2520 2264 2673 2320 Hanc
2696 2266 2866 2336 legem
2891 2267 3065 2321 nescit
3090 2264 3340 2335 pueritia,
3354 2266 3583 2338 ignorat
3614 2269 3811 2322 infan—

2189 2356 2282 2421 tia,
2298 2363 2354 2411 et
2372 2371 2605 2426 peccans
2630 2357 2832 2426 absque
2858 2357 3112 2413 mandato
3138 2373 3248 2413 non
3272 2366 3490 2414 tenetur
3515 2358 3650 2431 lege
3677 2376 3813 2431 pee-

2188 2451 2318 2506 cati.
2336 2449 2607 2505 Maledicit
2633 2451 2772 2520 patri
2801 2458 2856 2506 et
2877 2451 3058 2517 matri,
3073 2459 3129 2507 et
3152 2460 3403 2521 parentes
3424 2451 3723 2518 verberat,
3751 2462 3810 2506 et

2188 2542 2312 2611 quia
2337 2541 2567 2596 necdum
2585 2542 2796 2613 accepit
2817 2541 2988 2613 legem
3002 2542 3299 2611 sapientiai,
3318 2550 3602 2597 mortuum
3632 2556 3729 2598 est
3748 2544 3807 2597 in

2187 2647 2253 2687 eo
2286 2643 2590 2703 peccatum.
2618 2634 2751 2691 Cum
2775 2644 2955 2691 autem
2982 2637 3293 2691 mandatum
3304 2635 3554 2712 yenerit,
3594 2636 3653 2689 id
3696 2648 3807 2698 est,

2191 2731 2402 2794 tempus
2450 2724 2822 2796 intelligentia:
2873 2727 3177 2797 appetentis
3221 2727 3399 2788 bona,
3448 2734 3506 2779 et
3564 2725 3809 2779 vitantis

2189 2816 2362 2882 mala;
2392 2817 2732 2887 tuncincipit
2752 2825 3031 2886 peccatum
3054 2817 3403 2879 reviviscere,
3427 2824 3485 2869 et
3504 2814 3603 2868 ille
3625 2814 3802 2877 mori,

2190 2924 2423 2980 reusque
2449 2925 2571 2965 esse
2599 2909 2829 2981 peccati.
2860 2909 3038 2980 Atque
3064 2909 3137 2963 ita
3165 2907 3227 2962 ﬁt
3254 2916 3314 2962 ut
3340 2914 3558 2976 tempus
3593 2906 3811 2960 intem-

2191 3001 2407 3072 gentiaa,
2435 3016 2545 3071 quo
2570 3000 2663 3055 Dei
2692 3000 2946 3055 mandata
2979 2998 3378 3070 cognoscimus,
3407 3006 3467 3050 ut
3488 2996 3803 3065 pervenia-

2190 3107 2310 3147 mus
2332 3092 2402 3146 ad
2422 3091 2609 3157 vitam,
2638 3100 2890 3161 operetur
2916 3092 2969 3146 in
2998 3090 3152 3146 nobis
3182 3074 3411 3145 mortem
3436 3105 3450 3119 ·
3480 3087 3526 3143 si
3557 3102 3808 3157 agamus

2187 3181 2567 3252 negligentius,
2597 3189 2653 3235 et
2675 3181 2891 3237 occasio
2917 3181 3194 3251 sapientiae
3212 3180 3434 3235 seducat
3459 3191 3591 3240 nos,
3621 3187 3804 3247 atque

2187 3271 2495 3342 supplantet
2529 3280 2585 3326 et
2608 3272 2770 3327 ducat
2795 3274 2862 3325 ad
2891 3279 3120 3326 mortem
3146 3288 3157 3323 :
3183 3286 3291 3325 non
3312 3269 3454 3339 quod
3474 3267 3802 3337 intelligen-

2188 3363 2277 3417 tiae
2318 3350 2602 3432 peccatum
2645 3363 2716 3418 sit
2744 3361 2853 3435 (lex
2883 3362 3029 3418 enim
3057 3361 3426 3432 intelligentiae
3461 3368 3653 3414 sancta
3682 3400 3703 3424 ,
3739 3368 3802 3413 et

2180 3444 2350 3522 justa,
2383 3462 2439 3508 et
2482 3453 2622 3508 bona
2652 3454 2779 3520 est),
2831 3454 2923 3508 sed
2948 3467 3046 3523 per
3072 3450 3478 3522 intelligentiam
3518 3458 3797 3519 peccato-

2189 3560 2310 3599 rum
2352 3551 2515 3613 atque
2550 3544 2809 3597 virtutum
2840 3542 2972 3596 mihi
3023 3549 3298 3611 peccatum
3333 3539 3600 3604 nascitur,
3634 3540 3797 3608 quod

2185 3636 2501 3705 priusquam
2526 3632 2906 3703 intelligerent,
2932 3639 3212 3702 peccatum
3231 3645 3351 3685 esse
3367 3644 3472 3684 non
3494 3643 3788 3695 noveram;

2185 3718 2349 3795 atque
2371 3725 2446 3779 ita
2466 3724 2670 3779 factum
2688 3731 2795 3789 est,
2811 3732 2872 3778 ut
2896 3722 3040 3794 quod
3066 3722 3196 3777 mihi
3212 3736 3312 3791 pro
3332 3722 3471 3775 bono
3485 3719 3675 3774 datum
3698 3729 3796 3773 est

2186 3832 2310 3872 meo
2323 3817 2455 3871 vitio
2469 3823 2710 3871 mutetur
2730 3816 2786 3870 in
2808 3815 3031 3870 malum.
3046 3815 3113 3869 Et
3135 3822 3193 3868 ut
3208 3811 3548 3883 hyperbolice
3572 3812 3787 3876 dicam,

2186 3924 2433 3978 novoque
2455 3909 2622 3962 verbo
2655 3916 2781 3961 utar
2806 3908 2875 3961 ad
2915 3905 3287 3975 explicandum
3324 3917 3541 3958 sensum
3568 3916 3788 3965 meum,

2186 4009 2470 4071 peccatum
2496 3999 2649 4069 quod
2693 4000 3009 4068 priusquam
3058 3996 3313 4050 haberem
3363 3992 3788 4061 intelligentiam

2187 4095 2390 4161 absque
2412 4101 2634 4163 peccato
2666 4099 2806 4154 erat,
2824 4088 3268 4159 praevaricatione
3289 4085 3524 4139 mandati
3548 4084 3791 4154 incipiat

2188 4199 2307 4239 esse
2336 4184 2468 4238 mihi
2491 4182 2805 4254 peccantius
2825 4188 3131 4250 peccatum.
3145 4178 3304 4233 Prius
3324 4192 3631 4247 quaeramus
3655 4193 3786 4246 qua!

2187 4277 2259 4331 sit
2279 4278 2380 4330 ista
2403 4274 2843 4345 concupiscentia
2866 4276 3055 4343 dequa
3076 4272 3161 4327 lex
3184 4270 3337 4333 dicit,
3356 4267 3475 4322 Non
3496 4269 3789 4338 concupis-

500 4357 574 4408 sit
602 4354 790 4419 refert,
838 4355 906 4409 ab
946 4353 1204 4423 Apostolo
1250 4355 1337 4441 lex
1377 4355 1695 4428 appellatur.
1731 4355 1904 4408 Dicite
1954 4356 2082 4408 mihi

2190 4386 2292 4423 ces.
2310 4368 2415 4422 Alii
2438 4375 2630 4437 putant
2649 4368 2777 4421 illud
2790 4382 2910 4422 esse
2932 4366 3264 4430 mandatum,
3280 4363 3421 4433 quod
3439 4362 3490 4415 in
3507 4360 3786 4431 Decalogo

496 4444 588 4514 qui
618 4444 714 4499 sub
735 4444 844 4516 lege
872 4445 1025 4500 vultis
1053 4462 1186 4511 esse,
1216 4434 1322 4500 non
1351 4445 1546 4515 legistis
1576 4446 1783 4516 legem?
1815 4446 2081 4516 Scriptum

500 4545 577 4593 est
622 4538 782 4604 enim,
811 4539 937 4610 quia
968 4537 1234 4593 Abraham
1263 4538 1394 4593 duos
1423 4538 1561 4607 ﬁlias
1590 4539 1795 4604 habuit,
1827 4555 1987 4593 unum
2017 4538 2084 4591 de

486 4628 736 4697 ancilla,
786 4640 834 4685 et
877 4632 1103 4685 alterum
1147 4631 1213 4686 de
1258 4631 1441 4697 libera.
1495 4631 1601 4687 Sed
1641 4633 1731 4703 qui
1778 4648 1843 4686 ea:
1886 4631 2083 4686 ancilla

497 4720 787 4776 secundum
815 4738 1027 4777 carnem
1055 4731 1212 4777 natus
1236 4731 1313 4777 est
1340 4736 1358 4773 :
1380 4724 1469 4794 qui
1493 4733 1667 4777 autem
1695 4724 1759 4777 de
1785 4724 1971 4787 libera,
1993 4740 2085 4794 per

499 4813 953 4884 repromissionem
982 4811 1126 4884 (Gal.
1157 4814 1252 4885 iv).
1285 4813 1391 4869 Sed
1409 4822 1465 4868 et
1489 4815 1679 4884 psalmi
1705 4814 1793 4870 lex
1813 4814 2085 4884 appellan-

500 4912 610 4968 tur,
637 4911 694 4958 ιιι
738 4902 1085 4974 complentur
1107 4921 1275 4960 sermo
1311 4908 1401 4977 qui
1424 4908 1478 4959 in
1519 4907 1628 4977 lege
1652 4924 1832 4961 eorum
1859 4909 2085 4977 scriptus

504 5004 614 5058 est,
645 4994 772 5065 quia
800 4994 1020 5050 oderunt
1046 5013 1127 5051 me
1152 4997 1315 5068 gratis
1348 4997 1532 5068 (Joan.
1557 5014 1651 5063 in;
1690 4997 1837 5053 Psal.
1870 4998 2081 5072 vani).

484 5084 664 5141 .Isaia:
709 5099 924 5156 quoque
966 5086 1308 5157 prophetiam
1353 5088 1523 5158 legem
1566 5087 1840 5155 apostolus
1866 5098 2023 5144 vocat
2068 5107 2081 5143 :

482 5174 575 5235 ,1η
600 5174 709 5246 lege
729 5177 979 5247 scriptum
998 5187 1095 5243 est,
1115 5180 1362 5248 quoniam
1382 5178 1438 5230 in
1458 5177 1575 5231 aliis
1597 5178 1790 5248 linguis
1814 5189 1861 5233 et
1886 5181 1939 5234 in
1966 5179 2087 5234 aliis

482 5263 660 5319 labiis
690 5264 877 5337 loquar
909 5266 1099 5337 populo
1143 5269 1285 5334 huic,
1331 5277 1379 5321 et
1423 5284 1514 5322 nec
1541 5269 1615 5321 sic
1642 5270 1923 5323 exaudiant
1964 5287 2046 5325 me
2066 5311 2083 5338 ,

509 5355 637 5408 dicit
666 5355 953 5421 Dominus;
978 5356 1121 5426 quod
1140 5355 1296 5425 juxta
1321 5356 1643 5414 Hebraicum
1667 5368 1723 5413 et
1748 5359 1995 5429 Aquilam
2030 5363 2085 5416 in

514 5447 650 5502 Isaia
676 5446 937 5515 scriptum
964 5449 1157 5517 reperi.
1186 5450 1496 5520 Appellatur
1521 5453 1606 5506 lex
1653 5454 1815 5507 etiam
1856 5455 2085 5525 mystica

514 5536 869 5607 intelligentia
891 5535 1322 5607 Scripturarum:
1348 5541 1554 5597 Scimus
1575 5544 1701 5613 quia
1725 5542 1809 5598 lea:
1834 5544 2086 5614 spiritalis

512 5641 607 5696 est.
632 5631 698 5686 Et
719 5639 871 5688 extra
894 5631 1208 5690 haec‘omnia
1227 5636 1530 5697 naturalem
1552 5637 1722 5709 legem
1742 5638 1999 5707 scriptam
2026 5639 2080 5698 in

2188 4462 2446 4530 scriptum
2478 4468 2582 4525 est,
2613 4458 2739 4512 Non
2767 4459 3098 4529 concupisces
3125 4472 3230 4509 rem
3260 4454 3483 4526 proximi
3511 4452 3605 4530 tui.
3668 4452 3789 4508 Nos

2188 4528 2367 4606 autem
2420 4564 2517 4620 per
2558 4549 3050 4618 concupiscentiam
3100 4562 3292 4601 omnes
3340 4528 3787 4616 perturbationes

2188 4641 2381 4694 animae
2424 4639 2755 4710 signiﬁcatas
2792 4646 3077 4707 putamus.
3135 4637 3332 4707 quibus
3380 4648 3679 4690 manemus
3726 4642 3785 4689 et

2160 4804 2164 4808 ι
2188 4729 2450 4794 dolemus,
2469 4729 2744 4794 timemus,
2770 4736 2824 4782 et
2849 4727 3309 4798 concupiscimus;
3332 4733 3388 4781 et
3414 4726 3517 4780 hoc
3537 4725 3781 4792 Aposto-

2187 4820 2273 4875 lus
2301 4835 2395 4875 vas
2418 4820 2719 4885 electionis,
2741 4818 2894 4888 cujus
2918 4818 3380 4890 corpustemplum
3404 4826 3520 4872 erat
3536 4815 3782 4884 Spiritus

2189 4910 2386 4973 sancti,
2437 4917 2493 4964 et
2526 4909 2619 4978 qui
2654 4908 2869 4964 dicebat
2914 4925 2927 4961 :
2971 4907 3055 4961 An
3077 4907 3487 4982 experimentum
3534 4904 3780 4974 quivi-itis

2186 4999 2301 5069 ejus
2322 5000 2410 5069 qui
2440 4998 2494 5052 in
2522 5014 2601 5051 me
2628 4997 2860 5067 loquitur
2885 4995 3170 5051 Christus?
3198 4994 3251 5066 (1
3273 4994 3398 5050 Cor.
3430 4993 3576 5065 xm.)
3603 4993 3672 5047 Et
3722 4994 3779 5048 in

2189 5091 2294 5145 alio
2323 5092 2462 5156 loco,
2490 5088 2847 5149 Christusnos
2874 5088 3087 5142 redemit
3120 5085 3261 5158 (Gal.
3291 5086 3395 5157 ιιι);
3423 5096 3479 5142 ct
3502 5102 3723 5140 rursum
3759 5104 3774 5139 :

2202 5180 2322 5235 Vivo
2367 5189 2539 5233 autem
2572 5179 2690 5248 jam
2731 5196 2834 5233 non
2874 5195 2998 5249 ego,
3030 5178 3149 5232 vivit
3179 5194 3295 5232 vero
3323 5178 3378 5229 in
3412 5193 3491 5230 me
3530 5175 3776 5230 Christus

2190 5269 2333 5343 (Gal.
2385 5271 2470 5342 ιι).
2510 5269 2625 5324 Non
2657 5271 2724 5326 de
2770 5285 2829 5326 se
2862 5270 3121 5340 loquitur,
3170 5269 3264 5324 sed
3291 5269 3359 5325 de
3397 5283 3463 5323 eo
3512 5270 3602 5338 qui
3648 5279 3774 5337 post

2188 5369 2409 5432 peccata
2430 5361 2548 5415 vult
2572 5376 2731 5431 agere
2757 5360 3153 5430 paenitentiam,
3178 5369 3237 5414 et
3268 5359 3368 5413 sub
3408 5372 3640 5427 persona
3667 5372 3771 5411 sua

2187 5453 2534 5523 fragilitatem
2560 5454 2817 5508 describit
2841 5452 3165 5507 conditionis
3191 5444 3463 5515 humanae,
3493 5463 3615 5518 qua:
3640 5448 3776 5503 duo-

2189 5562 2310 5602 rum
2351 5545 2648 5607 hominum,
2686 5544 2961 5599 interioris
2988 5552 3043 5599 et
3072 5543 3380 5606 exterioris,
3414 5542 3770 5612 pugnantium

2190 5644 2331 5698 inter
2360 5655 2418 5697 se
2450 5639 2590 5696 bella
2631 5639 2950 5709 perpetitur.
2981 5636 3205 5692 interior
3231 5637 3394 5691 homo
3422 5633 3688 5690 consentit
3715 5638 3775 5687 et

3944 80 3955 269 l
