4000 6398
257 388 408 446 1417

776 372 1341 442 numennomen
1378 385 1445 439 IN
1481 386 1631 441 EPP.
1672 386 1880 442 PAULI
1914 384 2042 440 LIB.
2079 385 2169 441 IV.
2205 415 2276 427 —
2304 384 2375 441 IN
2414 384 2645 473 msr.
2675 385 2772 442 AD
2808 384 2975 443 non.

3392 390 3528 443 Mlb

250 500 480 569 scriptae
502 504 559 553 et
592 497 824 551 naturali
851 497 989 565 legi,
1031 496 1175 567 quod
1220 496 1361 552 bona
1410 496 1515 562 sit,
1556 504 1612 551 et
1636 505 1847 561 sancta,
1876 507 1926 564 Α
1951 511 2184 565 persona
2212 513 2308 552 sua
2334 499 2439 553 huc
2456 497 2774 569 Apostolum
2798 500 2864 553 de
2886 499 3007 554 aliis
3049 499 3258 564 dicere,
3298 513 3534 572 exponat

254 603 319 646 et
367 590 513 660 justa
540 629 555 656 ,
590 597 645 644 et
673 588 949 659 spiritalis.
1008 586 1280 652 Exterior,
1325 603 1441 658 ego,
1472 588 1678 660 inquit,
1726 603 1846 642 car-

252 681 400 735 nalis
428 696 563 745 sum,
594 687 918 734 venundatus
955 677 1049 732 sub
1094 688 1305 749 peccato
1345 690 1364 729 :
1390 677 1528 749 quod
1562 679 1698 732 enim
1734 694 1850 749 ope-

254 788 354 824 ror
383 774 588 838 nescio,
641 780 690 826 et
732 787 836 825 non
885 769 1023 841 quod
1070 769 1212 836 volo,
1258 770 1355 824 hoc
1393 780 1526 840 ago,
1576 769 1667 823 sed
1708 769 1847 840 quod

251 863 352 915 odi
384 861 562 934 (Rom.
607 860 725 933 vn).
763 860 821 915 Si
863 859 1042 916 autem
1087 860 1324 916 exterior
1366 859 1516 925 facit,
1559 863 1701 929 quod
1740 875 1844 914 non

248 951 410 1017 vult,
457 960 512 1007 et
550 959 807 1022 operatur
833 950 975 1020 quod
1018 949 1154 1015 odit,
1202 950 1436 1005 ostendit
1477 949 1679 1005 bonum
1726 963 1847 1004 esse

249 1042 594 1106 mandatum,
627 1051 683 1097 et
717 1058 823 1097 non
852 1057 912 1096 se
943 1041 1155 1112 operari
1192 1042 1337 1113 quod
1362 1051 1446 1098 est
1475 1042 1708 1109 malum,
1749 1043 1846 1098 sed

248 1134 511 1189 habitans
536 1134 590 1188 in
606 1149 703 1188 sua
732 1149 897 1189 carne
919 1142 1220 1203 peccatum,
1249 1135 1351 1189 hoc
1373 1143 1476 1199 est,
1500 1134 1632 1188 vitia
1654 1149 1846 1203 corpo-

250 1225 337 1281 ris
371 1234 427 1280 et
472 1227 741 1283 desideria
773 1227 1078 1298 voluptatis,
1113 1243 1232 1296 qua:
1265 1236 1486 1298 propter
1514 1237 1759 1297 posteros
1790 1236 1845 1283 et

246 1316 498 1371 sobolem
545 1318 708 1373 insita
738 1328 820 1373 est
866 1319 1117 1373 humanis
1154 1318 1503 1388 corporibus,
1534 1327 1590 1374 et
1633 1319 1680 1375 si
1708 1319 1844 1376 ﬁnes

246 1408 423 1464 fuerit
447 1424 688 1480 egressa,
723 1412 951 1466 vertitur
979 1410 1030 1463 in
1059 1419 1361 1478 peccatum.
1393 1410 1449 1464 Si
1477 1412 1873 1481 unusquisque.

247 1505 584 1570 consideret,
617 1514 671 1560 et
715 1511 999 1559 accusator
1020 1504 1124 1568 sui,
1159 1512 1353 1559 tractet
1373 1504 1643 1559 incentiva
1680 1504 1841 1559 vitio-

242 1608 397 1660 rum,
424 1596 697 1665 quomodo
717 1606 771 1649 et
802 1595 855 1648 in
885 1610 1154 1661 sermone,
1184 1596 1305 1650 etin
1328 1597 1674 1668 cogitatione,
1709 1596 1764 1651 ἐι
1788 1597 1840 1651 in

241 1687 437 1743 calore
463 1689 711 1759 corporis
733 1703 875 1759 saepe
896 1689 1150 1758 loquatur
1174 1698 1229 1744 et
1252 1690 1474 1761 cogitet,
1499 1697 1554 1744 et
1581 1690 1837 1760 patiatur,

242 1780 396 1849 quod
416 1795 523 1835 non
537 1780 650 1834 vult
672 1799 685 1835 :
718 1782 841 1836 nolo
855 1782 1055 1848 dicere,
1075 1782 1256 1847 faciat,
1275 1799 1342 1838 ne
1362 1793 1578 1839 sanctos
1603 1784 1746 1838 viros
1758 1784 1840 1837 vi-

1952 587 2224 656 quomodo
2248 588 2434 643 Daniel
2458 603 2617 657 quem
2651 588 2858 659 justum
2890 589 3058 645 fuisse
3095 591 3344 646 novimus
3372 594 3528 661 quasi

1951 675 2017 730 de
2040 690 2098 730 se
2119 674 2285 741 dicat,
2307 692 2430 731 cum
2458 692 2556 746 pro
2589 677 2711 734 aliis
2760 679 3080 749 deprecetur
3110 699 3123 733 ;
3157 678 3495 736 Peccavimus
3514 722 3529 746 ,

1949 766 2275 837 iniquitatem
2314 766 2531 845 fecimus
2553 808 2568 833 ,
2599 769 2754 838 impie
2779 769 2999 839 egimus,
3026 781 3073 824 et
3112 771 3419 825 recessimus
3437 810 3453 836 ,
3482 783 3532 826 et

1948 856 2327 912 declinavimus
2353 874 2385 911 a
2409 858 2672 913 mandatis
2698 861 2802 913 tuis
2820 901 2833 925 ,
2861 870 2909 913 et
2930 861 3150 930 judiciis
3174 877 3191 915 :
3221 878 3324 916 non
3351 862 3545 916 obedi-‘

1947 950 2116 1003 vimus
2138 951 2297 1003 servis
2327 951 2433 1005 tuis
2460 951 2745 1021 prophetis,
2766 952 2854 1022 qui
2876 951 3037 1006 locuti
3056 963 3179 1006 sunt
3224 954 3278 1007 in
3324 953 3532 1006 nomine

1947 1050 2038 1095 tuo
2089 1041 2158 1095 ad
2208 1058 2348 1113 reges
2380 1053 2586 1097 nostros
2630 1052 2678 1097 et
2725 1043 3013 1113 principes,
3054 1054 3100 1098 et
3129 1054 3302 1115 patres
3326 1085 3341 1110 ,
3388 1055 3433 1097 et
3462 1043 3531 1097 ad

1946 1146 2150 1185 omnem
2172 1130 2421 1201 populum
2445 1142 2596 1186 terra:
2636 1148 2655 1188 :
2681 1132 2794 1197 tibi,
2823 1132 3073 1198 Domine,
3090 1135 3326 1202 justitia,
3385 1134 3532 1189 nobis

1947 1235 2120 1277 autem
2168 1223 2408 1291 confusio
2456 1224 2613 1294 faciei
2653 1226 2815 1297 (Dan.
2845 1226 2944 1296 ιχ).
2979 1226 3110 1281 lllud
3142 1244 3356 1298 quoque
3388 1229 3534 1299 quod

1946 1315 2000 1369 in
2034 1315 2309 1370 tricesimo
2335 1317 2511 1387 primo
2535 1317 2745 1387 psalmo
2771 1318 2972 1372 dicitur
2997 1336 3008 1372 :
3044 1317 3329 1386 Peccatum
3357 1337 3531 1374 meum

1945 1407 2214 1475 cognitum
2252 1406 2346 1461 tibi
2366 1407 2499 1476 feci,
2542 1408 2867 1479 iniquitatem
2914 1426 3081 1463 meam
3129 1427 3234 1464 non
3260 1411 3531 1465 abscondi.

1946 1497 2071 1552 Dixi
2122 1514 2141 1552 :
2186 1497 2484 1568 Confitebor
2533 1501 2808 1555 adversum
2856 1518 2938 1556 me
2990 1502 3311 1572 injustitiam
3356 1521 3529 1559 meam

1944 1586 2192 1653 Domino,
2218 1597 2268 1642 et
2314 1597 2372 1642 tu
2401 1590 2645 1643 remisisti
2675 1591 2992 1660 impietatem
3018 1595 3218 1662 peccati
3266 1595 3385 1648 mei.
3419 1592 3526 1647 Pro

1943 1683 2043 1736 hac
2084 1682 2253 1737 orabit
2282 1683 2352 1736 ad
2375 1692 2423 1737 te
2450 1684 2617 1738 omnis
2640 1695 2854 1739 sanctus
2889 1686 2943 1739 in
2969 1698 3197 1756 tempore
3219 1698 3530 1759 opportuno.

1945 1771 2062 1828 Non
2090 1773 2299 1838 Davidi,
2349 1784 2404 1829 et
2421 1776 2571 1845 justo
2597 1778 2737 1844 viro,
2780 1790 2833 1834 et
2867 1790 2926 1836 ut
2966 1781 3283 1852 simpliciter
3314 1782 3529 1853 loquar,

240 1870 383 1926 dear
396 1887 672 1939 accusare,
690 1873 960 1943 dequibus
985 1874 1246 1943 scriptum
1276 1882 1359 1928 est
1388 1892 1398 1926 :
1424 1874 1553 1928 Erat
1574 1875 1734 1928 homo
1750 1873 1837 1930 ille
1868 1868 1912 1927 Β
1942 1866 2220 1937 propheta!
2238 1907 2253 1933 ,
2282 1867 2435 1937 cujus
2456 1872 2622 1925 verba
2648 1881 2959 1937 narrantur,
2983 1874 3077 1937 sed
3105 1876 3376 1945 peccatori
3400 1892 3533 1931 con-

236 1979 412 2019 verus
440 1972 494 2020 et
525 1965 921 2030 immaculatus,
943 1963 1123 2033 justus
1140 1965 1230 2019 Dei
1255 1964 1448 2030 cultor,
1482 1966 1744 2021 recedens
1773 1965 1840 2020 ab

236 2056 398 2111 omni
424 2070 586 2125 opere
608 2057 749 2111 malo
772 2056 913 2128 (Job.
933 2056 972 2125 ι)
992 2073 1007 2121 ;
1030 2064 1084 2111 et
1104 2056 1171 2111 de
1190 2056 1450 2110 Zacharia
1465 2064 1519 2110 et
1531 2056 1803 2111 Elisabeth
1823 2074 1835 2110 :

243 2144 426 2200 Erant
453 2155 627 2200 autent
647 2146 786 2216 justi
815 2146 967 2199 ambo
996 2146 1049 2199 in
1080 2154 1355 2216 conspectu
1384 2143 1481 2197 Dei
1512 2143 1839 2199 ambulantes

244 2238 305 2291 in
356 2239 596 2292 omnibus
635 2239 931 2319 mandatis,
975 2247 1024 2293 et
1068 2237 1540 2308 justiﬁcationibus
1589 2237 1835 2305 Domini,

244 2331 449 2402 absque
478 2332 687 2402 querela
715 2331 866 2404 (Luc.
898 2331 973 2405 1);
999 2340 1053 2387 et
1082 2339 1407 2403 praeceptum
1432 2340 1518 2387 est
1541 2332 1836 2403 apostolis:

241 2420 448 2489 Estote,
497 2422 710 2499 perfecti
739 2425 873 2477 sicut
928 2421 1090 2477 Pater
1131 2435 1294 2478 vester
1327 2422 1545 2477 ccclestis
1579 2423 1839 2493 perfectus

238 2521 363 2565 est:
397 2528 671 2582 nunquam
711 2523 890 2569 autem
925 2514 1028 2569 hoc
1071 2513 1363 2583 Apostolus
1389 2514 1705 2584 imperaret,
1738 2513 1839 2567 nisi

238 2600 414 2654 sciret
440 2601 713 2656 hominem
737 2616 896 2672 posse
922 2618 1043 2657 esse
1070 2604 1393 2677 perfectum.
1423 2603 1537 2658 Nisi
1564 2604 1705 2658 forte
1734 2604 1839 2659 hoc

237 2693 512 2758 dicamus,
535 2695 678 2763 quod
704 2696 964 2751 recedens
984 2696 1053 2751 ab
1065 2698 1213 2751 omni
1243 2700 1387 2752 malo
1407 2698 1838 2753 emendationem

237 2784 550 2855 significet,
598 2795 654 2840 ct
692 2787 759 2841 de
788 2787 1066 2843 erroribus
1110 2790 1388 2859 pueritiae,
1420 2801 1476 2845 et
1503 2791 1651 2846 vitiis
1677 2792 1836 2846 lasci-

233 2877 439 2931 vientis
467 2878 660 2943 aetatis,
689 2883 972 2935 transitum
996 2884 1061 2935 ad
1080 2882 1474 2938 correctionem
1489 2893 1651 2954 atque
1665 2885 1839 2938 virtu-

233 2984 325 3042 tes
349 2986 363 3035 ;
387 2969 655 3038 justitiam
706 2987 946 3042 quoque,
971 2988 1091 3043 qua:
1112 2974 1166 3027 in
1197 2974 1458 3029 Zacharia
1481 2984 1536 3029 et
1564 2974 1839 3030 Ehsabeth

230 3061 585 3132 prmdicatur,
619 3061 751 3118 foris
791 3078 941 3130 esse;
991 3066 1484 3136 concupiscentiam
1518 3082 1664 3133 vero,
1718 3082 1840 3137 quae

230 3169 382 3208 nunc
411 3154 656 3211 habitare
679 3156 735 3210 in
763 3158 1025 3213 membris
1046 3160 1251 3215 nostris
1274 3159 1493 3225 dicitur,
1521 3160 1728 3214 versari
1757 3162 1838 3215 in-

1943 1958 2107 2029 gruit.
2139 1957 2384 2029 Cumque
2417 1959 2597 2028 justus
2634 1964 2736 2018 sub
2761 1979 2992 2033 persona
3043 1965 3362 2035 paenitentis
3402 1965 3531 2021 talia

1942 2050 2305 2120 profudisset,
2352 2068 2384 2105 a
2443 2054 2554 2107 Deo
2615 2063 2856 2109 meretur
2904 2056 3138 2111 audire:
3197 2057 3529 2132 Intellectum

1942 2138 2035 2192 tibi
2077 2138 2212 2193 dabo
2259 2151 2307 2194 et
2342 2142 2601 2195 instruam
2637 2151 2685 2196 te
2711 2144 2768 2196 in
2796 2143 2877 2197 via
2915 2144 3014 2198 hac
3038 2186 3052 2210 ,
3094 2163 3201 2216 qua
3240 2147 3528 2217 gradieris,

1940 2229 2164 2299 ﬁrmabo
2199 2249 2355 2302 super
2379 2243 2428 2287 te
2471 2233 2650 2288 oculos
2692 2250 2854 2288 meos.
2899 2234 2955 2289 lu
3001 2235 3278 2291 tricesimo
3316 2253 3533 2308 quoque

1940 2322 2173 2390 septimo
2197 2323 2427 2393 psalmo,
2456 2325 2610 2396 cujus
2636 2324 2825 2381 titulus
2848 2335 2932 2382 est
2966 2326 3032 2380 In
3077 2330 3530 2384 commemoratio-

1941 2429 2091 2479 nem,
2121 2424 2181 2469 ut
2227 2416 2419 2471 doceat
2452 2433 2551 2472 nos
2588 2432 2804 2487 semper
2831 2428 3178 2488 peccatorum
3220 2430 3530 2478 nostrorum

1941 2521 2211 2562 memores
2260 2522 2382 2563 esse
2407 2509 2642 2575 debere,
2696 2519 2751 2565 ct
2798 2526 2960 2582 agere
3002 2513 3401 2581 paenitentiam,
3428 2514 3535 2570 tale

1941 2600 2070 2669 quid
2098 2600 2326 2671 legimus
2360 2619 2373 2655 :
2408 2601 2531 2655 Non
2564 2612 2639 2657 est
2672 2620 2779 2673 pas;
2807 2604 3008 2659 ossibus
3036 2605 3162 2659 meis
3189 2623 3223 2660 a
3252 2605 3389 2675 facie
3414 2624 3535 2678 pec-

1940 2700 2179 2745 catorum
2223 2710 2480 2748 meorum.
2529 2694 2795 2760 Quoniam
2835 2680 3137 2767 iniquilates
3177 2715 3305 2753 mew
3345 2716 3530 2769 super-

1938 2799 2129 2853 gressus
2155 2794 2277 2840 sunt
2302 2798 2458 2856 caput
2504 2805 2700 2855 meum,
2739 2790 2893 2859 quasi
2922 2807 3053 2845 onus
3108 2809 3265 2861 grave
3302 2804 3561 2864 gravatae,

1938 2884 2058 2929 sunt
2088 2894 2244 2947 super
2265 2894 2366 2932 me.
2400 2876 2674 2950 Corruptae
2695 2891 2892 2935 suntet
2918 2890 3229 2951 putruerunt
3266 2884 3534 2939 cicatrices

1940 2985 2067 3022 mea:
2099 2987 2131 3022 a
2157 2969 2293 3035 facie
2339 2971 2655 3041 insipientiae
2688 2989 2835 3027 mete.
2877 2974 3112 3047 Aﬁlictus
3137 2991 3253 3028 sum
3280 2986 3325 3029 et
3362 2976 3533 3030 humi-

1939 3057 2100 3113 liatus
2126 3077 2243 3113 sum
2267 3061 2442 3114 nimis.
2473 3061 2708 3133 (Ambr.)
2736 3062 2922 3132 Itaque
2950 3080 3047 3134 per
3088 3082 3303 3120 omnem
3329 3081 3528 3120 concu-

1938 3150 2259 3225 piscentiam
2306 3161 2502 3208 cuncta
2544 3163 2768 3222 peccata
2814 3154 3100 3224 signiﬁcat.
3155 3156 3335 3227 Supra
3384 3157 3529 3234 enim

228 3247 523 3303 grinsecus,
551 3247 659 3303 sed
678 3248 971 3320 Αροειοιυε
1000 3265 1106 3306 non
1130 3251 1310 3321 pueris
1339 3252 1582 3322 pracipii
1601 3292 1615 3315 ,
1640 3266 1829 3307 verum
1860 3241 1906 3304 C
1939 3241 2433 3311 concupiscentiam
2464 3240 2622 3310 juxta
2673 3242 2845 3315 legem
2898 3255 3198 3313 memorat,
3250 3248 3336 3302 cui
3388 3266 3531 3304 nunc

228 3336 343 3407 jam
368 3341 545 3393 aetatis
562 3342 817 3407 robustae,
841 3350 903 3396 ut
929 3352 1212 3397 assumant
1242 3343 1647 3412 perfectionem,
1665 3360 1828 3415 quam

230 3428 411 3483 et'nos
450 3430 775 3484 conﬁtemur
816 3432 874 3485 in
924 3441 1084 3487 mtate
1137 3446 1257 3486 esse
1283 3436 1543 3501 perfecta.
1572 3434 1682 3489 Nec
1712 3436 1829 3488 haec

231 3518 479 3574 dicentes
505 3520 788 3575 adulamur
818 3521 981 3587 vitiis,
1011 3522 1107 3577 sed
1136 3525 1514 3577 auctoritatem
1549 3524 1830 3593 sequimur

233 3611 660 3681 Scripturarum,
698 3614 843 3684 quod
866 3614 1043 3670 nullus
1066 3616 1229 3669 homo
1252 3615 1321 3671 sit
1340 3618 1542 3687 absque
1564 3627 1785 3685 peccato
1811 3634 1823 3669 :

235 3704 330 3760 sed
348 3705 600 3758 conclusit
630 3705 767 3761 Deus
794 3723 969 3761 omnes
995 3706 1090 3761 sub
1112 3718 1343 3776 peccato,
1380 3719 1435 3762 ut
1464 3711 1695 3762 oumium
1724 3710 1827 3761 mi-

234 3804 469 3852 sereatur
490 3795 668 3869 (Rom.
686 3796 790 3869 x1),
816 3800 1022 3868 absque
1050 3816 1115 3855 eo
1142 3802 1231 3871 qui
1256 3812 1525 3870 peccatum
1548 3818 1650 3855 non
1672 3802 1823 3870 fecit,

237 3903 327 3941 nec
348 3886 498 3941 dolus
528 3887 763 3942 inuentus
784 3888 859 3942 e‘st
886 3890 941 3942 in
963 3906 1052 3943 ore
1078 3891 1191 3961 ejus
1222 3890 1274 3963 (1
1303 3888 1451 3945 Petr.
1487 3894 1571 3960 ιι),
1603 3894 1743 3947 unde
1772 3902 1828 3949 et

235 3994 334 4048 per
363 3978 705 4036 Salomonem
738 3981 955 4047 dicitur,
988 3983 1131 4052 quod
1162 3985 1432 4053 serpentis
1464 3986 1690 4057 vestigia
1717 4002 1825 4041 non

237 4068 578 4125 inveniantur
598 4071 654 4125 in
679 4079 862 4141 petra;
890 4081 945 4127 et
988 4073 1103 4144 ipse
1144 4076 1211 4130 de
1239 4090 1299 4130 se
1324 4076 1585 4131 Dominus
1615 4091 1630 4131 :
1663 4076 1823 4143 Ecce,

237 4161 428 4232 inquit,
459 4162 596 4218 venit
623 4164 861 4235 princeps
884 4165 1042 4235 hujus
1067 4166 1247 4221 mundi
1272 4178 1318 4222 et
1346 4170 1403 4223 in
1429 4186 1511 4223 sne
1541 4187 1642 4224 non
1670 4170 1824 4225 habet

234 4252 514 4324 quidquam
543 4251 725 4327 (Joan.
758 4254 894 4327 xlv),
927 4256 979 4310 id
1010 4265 1115 4323 est,
1147 4260 1229 4312 sui
1251 4259 1451 4329 operis,
1501 4261 1693 4330 suique
1735 4276 1824 4316 ve-

238 4344 397 4414 stigii.
417 4344 497 4401 Ob
518 4347 660 4401 hanc
674 4363 892 4403 causam
914 4348 1136 4417 jubetur
1163 4351 1317 4405 nobis
1338 4368 1405 4407 ne
1430 4353 1821 4422 exprobremus

239 4432 435 4490 homini
456 4440 747 4494 revertenti
773 4456 803 4494 a
828 4441 1066 4511 peccatis
1105 4458 1236 4509 suis,
1268 4453 1323 4498 et
1350 4461 1417 4500 ne
1447 4447 1823 4502 abominemur

238 4521 571 4593 Egyptium,
597 4529 723 4594 quia
751 4542 806 4584 et
830 4531 931 4600 ipsi
954 4533 1225 4602 quondam
1251 4535 1305 4589 in
1333 4532 1569 4608 JEg‘ypto
1597 4537 1816 4604 fuimus,

1931 3341 2127 3387 cartera
2169 3335 2373 3389 addens
2406 3334 2558 3398 vitia,
2602 3350 2819 3391 omnem
2867 3337 3003 3391 dixit
3032 3340 3526 3409 concupiscentiam

1929 3424 2512 3491 operataminhomine
2537 3426 2769 3494 impulsu
2795 3425 3017 3493 diaboli,
3041 3444 3201 3497 quem
3226 3431 3278 3484 in
3306 3442 3531 3501 peccato

1931 3511 2222 3580 signiﬁcat,
2248 3513 2746 3569 utincontrarium
2799 3514 2958 3571 ﬁeret
3004 3510 3209 3571 hoiuihi
3265 3519 3351 3574 lex
3404 3537 3525 3589 qua:

1930 3606 2056 3660 data
2069 3615 2189 3660 erat
2207 3615 2269 3661 ut
2284 3609 2587 3678 prodesset.
2610 3608 2809 3664 Videtis
2828 3609 2975 3664 enim
2992 3610 3239 3666 diabolus
3263 3612 3522 3666 auxilium

1908 3711 2024 3771 _per
2052 3698 2223 3771 legem
2269 3699 2473 3755 homini
2522 3700 2841 3770 provisum,
2886 3718 3048 3773 quem
3080 3703 3133 3757 in
3178 3704 3522 3769 conditione,

1929 3805 2114 3844 secum
2137 3800 2359 3862 propter
2379 3792 2550 3862 ipsius
2588 3794 3078 3865 transgressionem
3108 3795 3307 3850 habere
3337 3805 3521 3866 gratu-

1928 3880 2141 3936 labatur
2163 3881 2347 3954 [quem
2373 3884 2427 3938 in
2452 3883 2761 3939 conditione
2786 3899 2846 3939 se
2870 3895 2977 3939 tam
2993 3895 3214 3955 propter
3234 3898 3516 3956 peceatum

1926 3972 2086 4039 Adin,
2119 3989 2282 4044 quam
2324 3982 2545 4046 propter
2567 3975 2739 4045 ipsius
2769 3976 2968 4032 habere
2987 3977 3407 4051 gratulabatur],
3430 3981 3517 4036 in-

1931 4068 2139 4123 tellexit
2164 4069 2365 4122 factum
2395 4067 2681 4122 adversum
2706 4084 2796 4133 se;
2823 4084 2983 4138 quem
2999 4071 3145 4124 enim
3168 4072 3300 4125 vidit
3317 4071 3520 4128 factum

1927 4160 2028 4216 sub
2052 4160 2201 4231 lege,
2229 4174 2327 4229 pro
2352 4168 2503 4215 certo
2526 4159 2713 4215 habuit
2742 4162 2807 4215 de
2834 4176 2932 4215 suo
2962 4161 3233 4216 sublatum
3258 4165 3519 4219 dominio.

1925 4252 2236 4322 Agnoverat
2282 4252 2427 4307 enim
2483 4252 2678 4317 homo,
2720 4253 2997 4323 quomodo
3048 4267 3265 4324 pmnam
3317 4255 3515 4313 inferni

1924 4344 2198 4400 evaderet.
2227 4343 2366 4399 Hinc
2393 4346 2601 4400 exarsit
2628 4345 2907 4400 iracundia
2929 4346 3191 4401 adversus
3217 4347 3512 4411 hominem,

1924 4445 1985 4490 ut
2032 4436 2107 4490 illi
2160 4436 2327 4507 legem
2361 4420 2656 4492 inverteret
2685 4445 2806 4502 ,‘ut
2856 4437 3128 4508 prohibita
3182 4439 3516 4495 admittendo

1924 4529 2094 4585 Deum
2125 4546 2313 4587 rursus
2347 4531 2662 4596 offenderet,
2689 4540 2744 4584 et
2770 4532 2945 4586 denuo
2968 4532 3022 4585 in
3045 4540 3368 4601 potestatem
3401 4534 3518 4586 dia-

240 4615 376 4669 etde
404 4615 516 4671 luto
542 4633 606 4673 ac
634 4620 700 4673 de
726 4598 989 4678 lateribus
1009 4626 1279 4681 Pharaoni
1302 4598 1669 4686 exstrui-ximus
1688 4634 1819 4687 civi-

1933 4621 2030 4675 boli
2070 4622 2307 4677 caderet.
2341 4620 2518 4690 Cmpit
2536 4637 2641 4675 non
2668 4620 2953 4691 imperare,
2982 4598 3075 4675 sed
3117 4622 3387 4677 subtiliter
3417 4622 3514 4675 fal-

243 4715 390 4770 tales,
418 4718 475 4764 et
501 4711 626 4779 quia
656 4714 852 4784 captivi
888 4716 1033 4772 ducti
1056 4734 1242 4775 sumus
1264 4722 1318 4776 in
1348 4723 1674 4795 Babylonem
1704 4726 1819 4797 lege

243 4801 458 4869 peccati,
486 4804 629 4871 quod
645 4804 700 4858 in
726 4807 986 4861 membris
1004 4810 1205 4865 nostris
1226 4814 1558 4869 morabatur.
1575 4814 1822 4887 Cumque

242 4892 507 4948 videretur
534 4905 776 4952 extrema
801 4900 1126 4970 desperatio,
1163 4903 1271 4959 imo
1320 4916 1507 4976 aperte
1550 4909 1819 4966 confessio

242 5001 443 5043 omnem
483 4989 758 5047 hominem
787 4993 985 5049 diaboli
1029 4996 1241 5066 laqueis
1267 4999 1498 5066 irretiri,
1526 5017 1821 5061 conversus

247 5078 297 5134 in
356 5097 409 5135 se
458 5082 784 5152 Apostolus,
831 5087 940 5143 imo
988 5090 1182 5156 homo,
1230 5093 1331 5148 sub
1391 5095 1546 5166 cujus
1589 5112 1820 5165 persona

247 5168 517 5238 Apostolus
552 5174 811 5246 loquitur,
857 5183 970 5250 agit
1006 5183 1211 5252 gratias
1249 5182 1516 5241 Salvatori
1551 5190 1694 5257 quod
1735 5204 1819 5244 re-

250 5262 479 5333 demptus
508 5266 577 5320 sit
608 5270 866 5340 sanguine
890 5271 1029 5340 ejus,
1068 5281 1123 5329 et
1165 5277 1353 5331 sordes
1390 5276 1443 5331 in
1490 5278 1819 5347 baptismate

250 5352 557 5421 deposuerit,
586 5366 640 5411 et
669 5376 865 5417 novum
892 5362 1096 5420 Christi
1142 5370 1499 5437 assumpserit
1520 5372 1813 5428 vestimen-

252 5452 376 5512 tum,
396 5457 452 5502 et
482 5456 698 5505 mortuo
715 5460 895 5508 vetere
916 5454 1135 5512 homine
1156 5467 1316 5513 natus
1337 5460 1407 5513 sit
1434 5460 1597 5515 homo
1619 5477 1811 5527 n0vus,

253 5533 338 5603 qui
378 5538 515 5590 dicat
545 5557 558 5594 ;
590 5539 756 5595 Miser
802 5559 896 5614 ego
945 5548 1122 5619 homo,
1168 5551 1287 5621 quis
1341 5567 1423 5605 me
1474 5551 1713 5606 liberabit
1750 5544 1825 5607 de

254 5641 447 5697 corpore
488 5628 671 5682 mortis
716 5635 921 5699 sui»?
960 5624 1141 5702 (Rom.
1182 5642 1307 5715 vn.)
1358 5642 1548 5699 Gratia
1602 5643 1698 5697 Dei
1726 5660 1819 5715 per

258 5715 413 5773 Iesum
447 5718 711 5774 Christum
756 5719 1038 5775 Dominum
1066 5732 1335 5791 nostrum,
1366 5734 1457 5797 qui
1486 5750 1574 5782 me
1604 5735 1671 5783 de
1692 5750 1813 5784 cor-

262 5811 388 5879 poris
417 5822 586 5883 inorte
622 5813 888 5869 liberavit.
933 5812 1087 5880 Quod
1121 5814 1282 5871 sicui
1323 5832 1431 5872 non
1465 5819 1682 5875 videtur
1715 5821 1816 5877 sub

635 5906 912 5971 Parant;
954 5904 1120 5973 CXI.

1920 4713 2060 4778 lere,
2082 4713 2335 4783 quoniam
2360 4714 2412 4768 in
2433 4714 2549 4784 lege
2568 4714 2691 4767 data
2715 4714 2897 4768 amisit
2925 4713 3220 4769 dominium
3243 4715 3512 4782 diabolus,

1924 4808 2102 4877 sciens
2140 4806 2208 4860 de
2233 4817 2430 4861 caetero
2469 4806 2746 4860 hominem
2785 4806 2852 4860 ad
2901 4805 2994 4859 Dei
3041 4804 3303 4881 judicium
3342 4807 3512 4875 perti-

1924 4914 2074 4954 nere.
2127 4898 2257 4954 Sine
2286 4899 2395 4969 lege
2442 4900 2579 4953 enim
2607 4909 2880 4968 peccatum
2907 4908 3170 4952 mortuum
3211 4909 3346 4952 erat.
3398 4897 3512 4956 Hoc

1924 4989 2123 5059 duplici
2169 5005 2370 5060 genere
2398 4989 2804 5060 intelligendum
2830 4998 2935 5055 est,
2968 4999 3027 5043 ut
3062 4998 3116 5043 et
3153 4989 3421 5044 diabolum
3453 4992 3510 5046 in

1925 5094 2150 5154 peccato
2181 5083 2317 5138 sciat
2346 5084 2704 5152 signiﬁcatum
2727 5123 2742 5149 ,
2782 5092 2837 5137 et
2877 5082 2981 5137 hoc
3004 5082 3176 5152 ipsum
3202 5093 3505 5153 peccatum,

1922 5178 2066 5247 quod
2087 5185 2313 5232 vocatur
2331 5186 2612 5245 peccatum
2642 5195 2653 5229 :
2684 5184 2928 5231 mortuus
2947 5176 3092 5230 enim
3116 5177 3317 5232 dicitur
3340 5176 3508 5234 fuisse

1922 5270 2191 5336 diabolus,
2221 5269 2348 5339 quia
2379 5269 2628 5325 cessabat
2668 5271 2736 5324 ab
2766 5268 3012 5324 illusione
3044 5268 3134 5341 [ad
3173 5270 3503 5344 illusionem]

1920 5363 2158 5418 hominis
2187 5373 2312 5418 ante
2336 5364 2508 5434 legem
2531 5404 2546 5428 ,
2569 5367 2633 5418 et
2653 5371 2774 5418 erat
2796 5362 2949 5432 quasi
2988 5363 3204 5433 quietus
3233 5378 3247 5415 :
3279 5379 3505 5419 securus

1917 5455 2063 5508 enim
2116 5463 2235 5509 erat
2282 5453 2349 5510 de
2396 5454 2738 5524 possessione
2768 5452 2928 5522 ~ejus.
2983 5451 3268 5510 Peccatum
3323 5464 3503 5510 autem

1920 5556 2190 5601 mortuum
2219 5548 2377 5612 dixit,
2419 5549 2545 5615 quia
2568 5549 2858 5617 putabatur
2900 5549 3041 5618 quod
3071 5564 3178 5604 nou
3204 5551 3501 5617 imputare-

1920 5650 2009 5697 tur
2029 5643 2170 5713 apud
2194 5643 2384 5709 Deum,
2418 5644 2539 5699 ideo
2567 5644 2709 5715 apud
2744 5644 3019 5699 hominem
3049 5640 3318 5694 mortuum
3352 5651 3499 5703 erat,

1918 5734 2075 5797 quasi
2097 5734 2316 5797 impune
2328 5737 2663 5798 peccaretur.
2687 5728 2820 5786 Nam
2844 5747 2951 5786 non
2977 5731 3175 5785 latebat
3196 5738 3497 5799 peccatum,
3520 5750 3525 5753 ·

1918 5820 2062 5876 sicut
2108 5835 2272 5891 supra
2311 5820 2445 5888 dixi,
2488 5821 2582 5878 sed
2631 5823 2981 5893 ignorabatur
3010 5823 3149 5883 hoc,
3196 5820 3322 5891 quia
3359 5820 3500 5875 Deus

3025 5910 3100 5975 1ιὸ
