4000 6398
266 374 402 453 ιηιει

795 328 1351 439 ENARRATIONDM
1389 362 1457 420 IN
1494 362 1645 419 EPP.
1688 357 1895 415 PAULI
1936 357 2063 412 LIB.
2102 356 2191 411 ιν.
2223 386 2293 398 -
2322 356 2397 412 1N
2436 356 2653 413 EPIST.
2693 356 2785 412 AD
2818 356 2984 413 non.

3398 359 3418 405 l
3427 357 3534 416 429-

264 446 425 543 modo
465 495 645 543 autem
670 485 760 540 lex
798 484 1015 554 quidem
1056 462 1244 537 sancta
1275 487 1330 535 et
1366 477 1682 534 mandatum
1720 446 1924 532 san—’A
1950 469 2102 526 Sicut
2131 478 2186 527 et
2210 471 2447 538 Pharao,
2478 473 2603 543 quia
2631 473 2792 547 istum
2826 474 3042 528 modum
3069 473 3405 543 impleverat,
3439 476 3534 531 Dei

267 588 439 641 etum,
463 586 513 631 et
540 572 759 644 iustum,
791 576 1087 629 etbonum.
1135 571 1290 638 Quod
1340 585 1459 638 ergo
1506 569 1698 622 bonum
1745 574 1843 629 est,
1876 564 1897 599 ι’

264 670 393 723 mihi
423 667 619 738 factum
658 676 731 721 est
760 666 938 720 mors?
964 665 1143 728 Absit;
1195 662 1320 732 quia
1374 661 1574 715 bonum
1626 672 1730 713 non
1762 664 1850 711 est

265 778 433 819 mors.

341 851 447 909 Sed
468 860 739 922 peccatum
761 889 775 914 ,
816 857 871 901 ut
913 855 1162 918 appareat
1194 854 1462 915 peccatum
1485 883 1498 907 ,
1539 858 1631 913 per
1657 842 1849 895 bonum

267 942 397 997 mihi
427 949 696 1012 operatum
731 947 804 992 est
846 945 1081 992 mortem.
1117 932 1300 1005 (Aug)
1327 932 1479 1000 Quod
1500 941 1686 986 autem
1726 930 1801 983 ait
1833 945 1847 981 :

271 1033 425 1101 Quod
474 1048 594 1101 ergo
645 1029 835 1084 bonum
870 1037 946 1085 est
974 1027 1103 1085 mihi
1146 1026 1345 1095 factum
1390 1031 1464 1081 est
1493 1021 1671 1076 mors?
1693 1019 1848 1083 absit,

268 1122 358 1180 sed
392 1131 659 1194 peccatum
696 1128 751 1174 ut
780 1128 1030 1191 appareat
1059 1125 1346 1187 peccatum,
1376 1129 1469 1185 per
1491 1112 1679 1167 bonum
1724 1110 1854 1163 mihi

270 1226 541 1289 operatum
563 1223 636 1269 est
660 1222 875 1267 mortem
893 1229 909 1274 ;
927 1208 1014 1265 hic
1034 1209 1313 1264 evidenter
1334 1205 1569 1262 ostendit
1584 1204 1724 1273 quod
1758 1218 1849 1257 sn-

269 1308 455 1380 perius
491 1308 733 1369 dixerat,
782 1302 908 1359 Sine
955 1301 1064 1371 lege
1110 1301 1245 1353 enim
1272 1308 1541 1370 peccatum
1586 1305 1852 1350 mortuum

269 1411 378 1462 est,
408 1398 530 1454 ideo
568 1395 800 1459 dixisse,
852 1392 979 1463 quia
1020 1391 1193 1445 latet:
1226 1386 1660 1458 quandoquidem
1712 1398 1855 1439 nunc

272 1493 403 1548 dicit
427 1506 533 1547 non
562 1489 688 1544 illud
733 1488 956 1550 bonum,
979 1484 1033 1538 id
1075 1492 1158 1537 est
1180 1483 1353 1553 legem
1382 1480 1578 1534 factam
1604 1477 1704 1532 sibi
1736 1490 1855 1531 esse

271 1590 547 1646 mortem,
601 1581 695 1635 sed
760 1585 1044 1647 peccatum
1097 1580 1379 1643 operatum
1427 1583 1549 1624 esse
1598 1574 1853 1631 mortem,

270 1692 371 1749 per
412 1675 613 1730 bonum
668 1671 820 1740 legis,
878 1664 929 1724 id
982 1676 1087 1731 est,
1117 1675 1175 1720 ut
1221 1671 1505 1735 appareret.
1546 1669 1853 1732 peccatum,

272 1767 416 1837 quod
447 1766 647 1819 latebat
672 1763 786 1817 sine
815 1759 952 1831 lege.
983 1758 1135 1815 Tunc
1163 1758 1305 1812 enim
1330 1771 1388 1811 se
1422 1762 1694 1809 mortuum
1719 1750 1861 1820 quis-

1950 563 2178 618 virtutes
2201 564 2415 634 etsigna
2440 565 2491 619 in
2520 563 2668 617 illum
2691 572 2907 618 ostensa
2932 574 3080 630 sunt,
3104 579 3203 633 per
3218 580 3338 634 quae
3352 568 3537 621 caeteri

1950 655 2125 709 territi
2174 656 2241 710 ad
2278 656 2640 709 emolumenta
2693 656 2817 710 vita:
2867 670 2927 709 se
2975 666 3327 721 exercerent,
3374 667 3434 712 ut
3486 660 3539 712 in

1950 753 2165 801 mortuo
2211 746 2324 800 vita
2371 747 2629 809 discatur.
2683 746 2791 803 Sed
2841 748 2981 803 alius
3022 749 3219 804 modus
3257 760 3341 805 est
3377 767 3539 821 quem

1954 845 2152 895 tractat
2182 837 2473 906 Apostolus
2499 856 2511 892 :
2553 849 2612 894 ut
2654 840 2906 895 ostendat
2934 840 3078 894 enim
3108 840 3229 911 plus
3255 849 3539 911 peccatum

1951 944 2073 985 esse
2094 930 2195 984 sub
2224 930 2360 1000 lege,
2394 946 2554 999 quam
2593 930 2772 987 fuerat
2814 941 2941 987 ante
2982 933 3177 1005 legem,
3202 949 3364 1004 supra
3404 946 3547 992 nunc

1954 1024 2172 1076 modum
2229 1032 2575 1093 peccaturum
2624 1025 2941 1095 ampliorem
2992 1030 3215 1083 modum
3274 1030 3548 1103 signiﬁcat

1954 1114 2190 1169 crevisse
2210 1123 2332 1183 post
2347 1114 2516 1184 legem
2551 1114 2750 1169 invidia
2775 1124 2829 1171 et
2854 1118 3049 1172 astutia
3073 1118 3312 1188 Satanas,
3336 1131 3397 1176 ut
3418 1138 3548 1191 pro-
3632 1169 3637 1191 λ

1955 1206 2190 1260 videntis
2223 1206 2316 1262 Dei
2341 1207 2613 1261 contraria
2646 1206 2800 1264 fieret
2829 1210 3056 1275 homini,
3094 1227 3219 1267 cum
3253 1216 3446 1271 timore
3461 1215 3548 1271 ιθ-
3632 1206 3643 1239 ἶ

1956 1296 2039 1367 gis
2066 1297 2287 1353 minime
2306 1312 2533 1368 peccare
2579 1298 2844 1353 debuerit.
2897 1299 3021 1355 Ideo
3041 1300 3183 1357 Deus
3200 1312 3262 1357 ut
3288 1304 3549 1361 invidiam

1958 1387 2155 1442 diaboli
2188 1389 2458 1453 vinceret,
2502 1398 2559 1443 et
2595 1390 2993 1459 providentiam
3024 1392 3231 1447 homini
3262 1406 3435 1450 ratam
3469 1396 3550 1452 fa-

1958 1490 2128 1546 ceret,
2170 1482 2397 1536 mutavit
2418 1482 2667 1537 ordinem
2692 1524 2706 1547 ,
2749 1484 2975 1539 mittens
3007 1483 3341 1541 Salvatorem
3391 1486 3549 1543 Chri-

1960 1577 2101 1624 stum
2133 1569 2223 1638 qui
2252 1577 2307 1624 et
2347 1569 2616 1625 diabolum
2650 1571 2911 1638 vinceret,
2950 1582 3006 1628 et
3039 1582 3244 1629 statuta
3285 1576 3382 1630 Dei
3424 1592 3551 1648 erga

1962 1660 2234 1714 hominem
2270 1659 2531 1715 ﬁrmaret.
2559 1659 2757 1733 (0rig.)
2781 1663 2838 1715 in
2869 1663 2952 1718 his
2980 1663 3112 1719 locis
3131 1666 3335 1733 positos
3364 1668 3557 1724 crebro

1962 1764 2063 1803 nos
2087 1763 2308 1804 necesse
2334 1759 2419 1804 est
2444 1750 2512 1805 de
2537 1749 2714 1818 legum
2741 1752 3149 1807 diversitatibus
3174 1770 3552 1823 commonere;

274 1870 380 1927 que
403 1851 705 1923 cognoscit,
733 1867 854 1907 cum
892 1850 1021 1904 illud
1047 1849 1190 1919 quod
1218 1856 1363 1902 recte
1388 1853 1719 1916 praeceptum
1740 1856 1863 1897 esse
1892 1851 1938 1910 Β
1968 1840 2071 1893 hoc
2091 1840 2234 1895 enim
2263 1840 2377 1894 vult
2404 1840 2621 1905 Paulus,
2652 1842 2745 1911 qui
2773 1843 2874 1898 sub
2904 1859 3011 1897 uno
3036 1845 3171 1912 legis
3191 1847 3410 1901 nomine
3431 1864 3557 1903 sen-

275 1948 586 2012 couiitetur,
608 1945 829 2016 implere
852 1960 959 1998 non
977 1950 1174 2013 potest,
1192 1951 1248 1996 et
1270 1938 1731 2011 prmvaricationis
1754 1936 1864 1991 cri-

275 2037 421 2094 mine
450 2036 678 2106 amplius
700 2043 909 2105 peccat,
929 2048 1091 2102 quam
1120 2033 1164 2087 si
1193 2048 1300 2085 non
1324 2029 1723 2100 prohiberetur.
1752 2025 1868 2082 Hoc

274 2139 378 2195 est,
410 2129 550 2198 quod
579 2130 630 2182 in
659 2126 1113 2197 consequentibus
1148 2125 1311 2186 dicit,
1341 2121 1409 2176 Ut
1436 2122 1529 2190 ﬁat
1557 2136 1716 2190 supra
1750 2134 1868 2173 mo-

274 2221 399 2277 dum
417 2239 635 2292 peccans
657 2232 899 2291 peccator
917 2236 1009 2288 per
1030 2218 1338 2272 mandatum
1362 2215 1539 2287 (Rom.
1568 2213 1697 2283 vn):
1722 2212 1867 2282 quod

278 2327 404 2372 ante
434 2316 746 2372 mandatum
789 2316 967 2371 minus
1010 2323 1155 2379 erat,
1209 2314 1334 2383 quia
1376 2312 1471 2367 ubi
1510 2326 1617 2367 non
1645 2320 1733 2366 est
1757 2310 1864 2376 lex,

277 2425 379 2467 nec
399 2410 795 2482 prmvaricatio.
814 2408 957 2465 Mors
981 2425 1087 2464 non
1116 2416 1199 2463 est
1219 2406 1329 2472 lex,
1359 2406 1454 2460 sed
1475 2411 1757 2475 peccatum
1785 2410 1870 2457 est

278 2518 428 2558 mors
463 2522 475 2556 :
504 2512 798 2574 peccatum,
824 2500 1024 2570 inquit,
1050 2509 1106 2553 ut
1134 2506 1386 2569 appareat
1429 2504 1721 2566 peccatum,
1761 2507 1866 2546 non

280 2593 437 2657 dixit,
462 2601 525 2646 ut
566 2592 670 2655 sit,
703 2591 829 2660 quia
881 2596 1000 2645 erat
1047 2596 1103 2642 et
1135 2588 1351 2657 quando
1395 2601 1502 2641 non
1550 2583 1864 2654 apparebat.

281 2685 421 2755 Quid
448 2692 616 2740 estut
656 2693 907 2755 appareat
956 2679 1266 2753 peccatum?
1313 2678 1438 2749 quia
1495 2674 1866 2745 concupiscen-

281 2780 411 2833 tiam
456 2776 746 2833 nesciebam
790 2776 891 2833 nisi
935 2774 1018 2830 lea:
1063 2774 1291 2839 diceret,
1344 2771 1466 2825 Non
1508 2769 1865 2856 concupisces.

280 2868 401 2925 Non
424 2867 531 2934 ait,
556 2866 1054 2936 concupiscentiam
1093 2880 1201 2920 non
1231 2861 1518 2925 habebam,
1542 2859 1636 2914 sed
1662 2874 1868 2913 concu-

278 2963 605 3035 piscentiam
656 2960 968 3016 nesciebam
996 2977 1008 3013 :
1042 2959 1122 3013 sic
1149 2957 1313 3013 etiam
1337 2966 1394 3010 et
1422 2954 1513 3009 hic
1549 2968 1657 3007 non
1686 2950 1783 3015 ait,
1814 2956 1871 3003 ut

282 3056 355 3112 sit
385 3063 692 3126 peccatum,
721 3054 836 3117 sed,
870 3063 922 3105 ut
954 3059 1201 3122 appareat
1239 3056 1529 3119 peccatum,
1563 3060 1655 3114 per
1681 3043 1871 3097 bonum

283 3148 414 3203 mihi
452 3155 722 3217 operatum
749 3154 825 3199 est
852 3134 1100 3197 inertem.
1133 3139 1368 3213 (Amhr.)
1399 3138 1571 3194 Aliter
1599 3134 1871 3193 diabolum

1971 1946 2091 1984 sum
2117 1931 2182 1984 de
2211 1947 2319 1985 una
2339 1932 2407 1985 ad
2436 1931 2663 1986 alteram
2691 1934 2871 1989 tacitis
2909 1934 3126 1990 indiciis
3162 1940 3437 2003 transfert,
3471 1939 3559 1992 illa

1969 2029 2029 2074 ut
2055 2021 2291 2075 arbitror
2324 2022 2624 2093 proposito,
2655 2038 2764 2091 quo
2791 2032 2845 2078 et
2893 2023 3191 2094 Scriptura?
3227 2030 3561 2098 propheticus

1969 2122 2237 2179 constant,
2268 2130 2334 2169 ne
2354 2132 2417 2171 ea
2442 2132 2562 2185 qua:
2600 2118 2844 2188 inspirati
2880 2119 3139 2175 ditiuitus
3170 2121 3563 2191 proloquuntur

1970 2205 2228 2274 impolitis
2250 2207 2557 2262 hominibus
2581 2216 2635 2262 et
2662 2209 2841 2265 minus
2869 2210 3046 2263 adhuc
3066 2208 3149 2264 vel
3172 2192 3316 2274 ﬁdei,
3343 2211 3427 2265 vel
3453 2219 3564 2266 stu—

1970 2296 2044 2353 dii
2073 2298 2441 2355 deferentibus
2470 2300 2523 2354 in
2546 2302 2835 2370 propatulo
2860 2310 3212 2371 ponerentur,
3240 2311 3294 2357 et
3314 2303 3558 2372 pedibus,

1968 2397 2031 2443 ut
2055 2389 2126 2442 ita
2164 2389 2418 2456 dixerim,
2450 2392 2816 2447 conculcanda
2846 2392 3219 2458 traderentur;
3250 2395 3342 2448 sed
3372 2402 3454 2459 ut,
3478 2409 3562 2449 se—

1971 2481 2203 2536 cundum
2234 2498 2297 2536 ea
2336 2498 2459 2553 quae
2499 2500 2659 2554 supra
2688 2498 2785 2555 per
2817 2487 3107 2556 quamdam
3155 2486 3562 2551 similitudinem

1973 2578 2227 2643 diximus,
2262 2580 2579 2650 mysterium
2618 2582 2699 2635 Sui
2743 2581 2888 2653 regis
2909 2580 2974 2634 ad
2997 2596 3199 2651 paucos
3224 2589 3280 2636 et
3302 2581 3569 2642 occultius

1970 2668 2297 2738 perveniret.
2312 2668 2403 2723 Ait
2426 2670 2608 2739 itaque
2627 2685 2641 2723 :
2658 2671 2799 2736 Quid
2824 2688 2945 2741 ergo
2976 2671 3249 2725 dicemus?
3275 2671 3360 2725 lea:
3381 2688 3569 2742 pecca-

1973 2774 2083 2818 tum
2105 2765 2219 2818 est?
2239 2764 2495 2832 Putastis,
2513 2766 2706 2836 inquit,
2724 2782 2809 2821 me
2825 2767 2891 2821 de
2906 2765 3023 2837 lege
3039 2766 3207 2836 Moysi
3226 2766 3431 2833 dicere,
3450 2782 3570 2835 qua:

1977 2853 2149 2928 [quia]
2175 2865 2453 2926 peccatum
2475 2858 2590 2913 est?
2616 2859 2783 2922 Absit,
2820 2859 2974 2912 absit.
2998 2858 3082 2913 Ad
3109 2866 3398 2930 utrumque
3424 2858 3572 2914 δυω-

1975 2947 2100 3012 ciat,
2127 2949 2250 3017 quia
2275 2965 2450 3021 neque
2472 2950 2539 3004 de
2568 2950 2686 3021 lege
2708 2949 2876 3022 Moysi
2925 2951 3136 3021 loquor,
3162 2967 3340 3021 neque
3359 2952 3428 3007 de
3454 2952 3570 3023 ipsa

1978 3041 2120 3108 dico,
2150 3044 2275 3112 quia
2304 3055 2585 3112 peceatum
2607 3055 2724 3111 est;
2757 3047 2852 3101 sed
2871 3056 3142 3115 peccatum
3163 3063 3266 3100 non
3295 3062 3574 3117 cognosce—

1983 3132 2101 3186 bam
2143 3136 2244 3188 nisi
2269 3152 2361 3205 per
2392 3132 2574 3207 legem,
2599 3154 2724 3191 nam
2769 3139 3244 3209 concupiscentiam
3285 3138 3576 3194 nesciebant

283 3253 384 3311 per
402 3239 604 3293 bonum
624 3236 965 3295 occasionem
989 3234 1119 3289 dicit
1134 3231 1431 3301 accepisse,
1454 3227 1730 3285 utmalum
1753 3241 1881 3295 ope-
1912 3219 1956 3279 C
1990 3225 2089 3279 nisi
2109 3225 2193 3279 lex
2225 3227 2453 3283 diceret:
2478 3227 2603 3284 Non
2634 3232 2983 3301 concupisces.
3000 3231 3261 3304 Intelligo,
3292 3232 3490 3303 inquit,
3510 3236 3579 3289 de

288 3340 508 3387 raretur
532 3329 761 3394 homini,
794 3329 922 3382 dum
952 3326 1101 3380 illum
1125 3324 1338 3380 seducit
1378 3322 1448 3377 ad
1478 3329 1728 3382 mortem,
1758 3316 1883 3388 quia

287 3430 348 3476 ut
376 3438 438 3476 ea
465 3436 585 3490 qua:
612 3428 736 3473 ante
765 3419 936 3488 legem
965 3416 1105 3470 male
1123 3425 1275 3486 gesta
1306 3420 1432 3468 sunt
1455 3428 1551 3482 per
1576 3411 1890 3467 illecebram

291 3513 556 3584 cupidinis
585 3512 944 3581 probarentur
964 3524 1084 3564 esse
1100 3516 1338 3577 peccata,
1357 3515 1413 3562 et
1436 3508 1507 3581 de
1525 3513 1723 3560 caetero
1749 3504 1888 3558 vita—

291 3612 502 3666 rentur,
518 3603 640 3656 data
664 3612 741 3657 cst
762 3601 867 3665 lex,
886 3598 1226 3655 manifestata
1250 3595 1524 3652 inlitteris.
1544 3595 1695 3651 Tunc
1709 3595 1893 3649 incen-

293 3712 386 3750 sus
413 3704 496 3748 est
517 3693 767 3755 Satanas,
791 3709 887 3762 per
908 3692 1105 3747 bonum
1136 3692 1320 3759 utique
1347 3706 1360 3741 :
1391 3686 1525 3741 vidit
1545 3685 1689 3740 enim
1713 3685 1893 3755 provi-

296 3784 412 3838 deri
431 3784 656 3847 homini,
683 3792 738 3836 et
759 3782 946 3836 illicita
962 3780 1035 3834 illi
1060 3781 1251 3843 suasit,
1278 3786 1337 3832 ut
1358 3791 1457 3846 pro
1485 3776 1593 3830 vita
1618 3789 1685 3829 ex
1702 3775 1819 3845 lege
1843 3779 1893 3832 ei

296 3894 446 3933 mors
485 3875 813 3947 proveniret.
856 3874 1014 3941 Quod
1039 3874 1255 3942 quidem
1286 3869 1623 3940 negligentia:
1645 3869 1895 3922 humana:

299 3971 678 4027 ascribeudum
704 3976 820 4033 est,
848 3983 969 4037 quas
1020 3965 1099 4021 sic
1131 3966 1371 4035 vigorem
1402 3977 1513 4017 sua:
1557 3968 1763 4015 natura:
1807 3959 1892 4012 in-

297 4061 536 4116 ﬁrmavit
560 4058 854 4128 ciipiditate
896 4056 1175 4127 peccandi,
1218 4065 1277 4109 ut
1314 4053 1686 4124 suggestiones
1711 4050 1898 4105 adver-

299 4151 429 4207 sarii
461 4150 754 4220 reprimere
782 4164 889 4203 non
918 4153 1118 4219 posset.
1141 4143 1397 4201 Inimicus
1426 4152 1624 4205 tamen,
1657 4156 1818 4212 quem
1841 4140 1898 4194 in

296 4251 525 4311 peccato
577 4240 866 4311 signiticet,
914 4247 973 4292 ut
1003 4243 1261 4307 appareat
1307 4249 1429 4290 esse
1485 4233 1771 4298 inimicus,
1802 4248 1900 4302 per

298 4332 475 4404 legem
506 4332 718 4402 accepit
747 4330 1093 4387 occasionem
1137 4328 1355 4399 operari
1383 4326 1589 4383 homini
1621 4335 1851 4381 mortem
1881 4343 1893 4378 :

301 4425 430 4479 dum
475 4425 619 4478 enim
674 4424 741 4476 ad
792 4421 976 4475 illicita
1033 4420 1182 4473 illum
1234 4419 1460 4483 suadet,
1507 4426 1734 4487 apparet
1782 4430 1901 4471 esse

301 4516 573 4569 inimicus.
627 4512 948 4582 Quanquam
1018 4521 1073 4567 et
1113 4521 1240 4566 ante
1294 4510 1466 4582 legem
1524 4518 1757 4563 mortem
1806 4508 1905 4562 bo-

303 4602 434 4656 mini
458 4605 854 4670 procuravcrit,
881 4611 1104 4673 excepta
1128 4602 1303 4671 prima
1327 4618 1490 4657 causa
1513 4600 1660 4664 Adae,
1683 4608 1807 4669 post
1823 4600 1902 4654 le-

308 4712 426 4767 gem
453 4702 630 4749 tamen
656 4694 885 4762 majores
911 4696 960 4749 ei
994 4709 1193 4766 plenas
1240 4694 1379 4763 apud
1406 4693 1902 4778 inferos,ubi~mors

310 4789 544 4841 secunda
569 4787 967 4852 est,adinvenit
992 4806 1005 4841 :
1032 4790 1208 4842 minus
1235 4790 1380 4843 enim
1405 4788 1650 4845 criminis
1671 4795 1755 4842 est
1774 4795 1900 4842 ante

308 4875 484 4947 legem
508 4876 906 4931 manifestatam
943 4893 1218 4947 peccasse,
1257 4893 1418 4948 quam
1451 4887 1572 4948 post
1603 4878 1796 4947 legem.

383 4968 452 5024 Ut
473 4971 567 5039 ﬁat
597 4986 757 5041 supra
793 4969 1005 5023 modum
1033 4971 1201 5039 ipsum
1244 4987 1463 5041 peccans
1504 4982 1774 5041 peccatum
1808 4987 1900 5040 per

310 5060 643 5117 mandatum.
698 5059 878 5131 (Aug)
912 5059 980 5114 Ut
1024 5060 1120 5112 ﬁat
1165 5075 1329 5130 supra
1381 5063 1599 5115 modum
1646 5072 1902 5133 peccator

315 5164 411 5208 aut
439 5164 719 5224 peccatum
747 5169 844 5223 per
885 5153 1219 5207 mandatum.
1248 5155 1430 5220 Quare
1459 5171 1621 5225 supra
1650 5156 1904 5208 modum?

317 5246 441 5313 quia
474 5247 585 5315 jam
611 5256 696 5300 est
718 5245 1119 5315 praevaricatio:
1149 5245 1236 5299 ubi
1261 5247 1405 5300 enim
1425 5246 1508 5299 lex
1542 5262 1645 5301 non
1668 5256 1771 5310 est,
1804 5262 1904 5301 nec

317 5338 710 5407 praevaricatio.
769 5336 995 5406 (Ambr.)
1048 5336 1186 5402 Quid
1238 5343 1360 5401 est,
1438 5353 1600 5406 supra
1652 5337 1908 5390 modum?

320 5427 472 5498 quasi
526 5426 680 5480 datus
710 5426 783 5479 sit
810 5426 997 5480 modus
1029 5426 1493 5495 delinquentibus,
1530 5441 1655 5481 cum
1684 5442 1909 5495 peccare

322 5532 431 5575 non
460 5515 663 5570 liceat?
701 5515 796 5569 sed
822 5516 914 5571 Dei
948 5517 1110 5571 verba
1155 5525 1282 5573 sunt
1323 5517 1555 5574 dicentis
1581 5535 1595 5570 :
1621 5516 1746 5571 Non
1783 5528 1904 5571 sunt

322 5602 578 5671 completa
613 5614 826 5675 peccata
868 5605 1318 5673 Aman/imorum,
1345 5623 1443 5677 per
1487 5610 1631 5679 quod
1672 5611 1907 5665 ostendit

328 5690 640 5748 mensuram
661 5697 1091 5759 essequamdam
1117 5699 1455 5761 delictorum,
1478 5716 1777 5770 quamcum
1808 5703 1908 5755 im-

326 5783 594 5861 pleverint
627 5790 962 5852 peccatores,
986 5784 1096 5837 vita
1127 5790 1272 5853 digni
1311 5794 1535 5844 minime
1556 5793 1904 5857 iudicemur;

1989 3332 2091 3385 qua
2116 3316 2232 3389 lege
2258 3318 2466 3389 loquar,
2502 3336 2622 3390 qua:
2650 3323 2750 3378 nisi
2776 3332 2939 3389 esset,
2968 3333 3251 3395 peceatum
3295 3341 3456 3381 nemo
3491 3341 3582 3381 co-

1989 3416 2291 3475 gnosceret.
2310 3408 2560 3479 Nunquid
2574 3410 2742 3482 Moysi
2758 3421 2846 3469 est
2864 3413 2971 3480 lex,
2996 3428 3093 3484 per
3112 3430 3276 3485 quam
3289 3415 3461 3472 Adam
3487 3431 3580 3472 co-

1990 3500 2172 3568 gnovit
2202 3511 2487 3569 peccatum
2520 3519 2698 3569 suum,
2725 3513 2781 3560 et
2808 3507 3090 3562 abscondit
3123 3522 3183 3563 se
3223 3524 3253 3561 a
3285 3517 3579 3578 conspectu

1992 3590 2121 3644 Dei?
2144 3587 2296 3660 (Gen.
2321 3591 2425 3663 ιιι.)
2455 3591 2705 3661 Nunquid
2729 3593 2899 3666 Moysi
2923 3595 3008 3649 lex
3032 3604 3141 3661 est,
3170 3612 3270 3666 per
3298 3614 3463 3673 quam
3490 3615 3584 3654 co-

1993 3685 2178 3754 gnovit
2202 3684 2333 3740 Cain
2357 3696 2640 3754 peccatum
2661 3702 2820 3742 suum
2841 3696 2896 3744 et
2916 3689 3081 3742 dixit:
3110 3688 3289 3759 Majas
3315 3701 3389 3744 est
3410 3708 3588 3758 pecca-

1995 3788 2103 3830 tum
2134 3794 2337 3841 meum,
2362 3794 2521 3845 quam
2541 3788 2597 3832 ut
2638 3780 2840 3834 veniam
2881 3781 3125 3834 merear?
3146 3779 3300 3850 (Gen.
3344 3782 3445 3851 ιν.)
3477 3780 3586 3836 Aut

1994 3882 2092 3937 per
2118 3884 2282 3937 quam
2303 3867 2517 3923 Pharao
2541 3872 2798 3940 cognovit
2826 3860 3108 3940 peceatum
3135 3887 3312 3937 suum,
3334 3880 3392 3926 et
3404 3872 3545 3927 dixit

1996 3957 2253 4012 Dominus
2280 3958 2459 4027 justus
2486 3969 2585 4024 est,
2615 3976 2710 4029 ego
2752 3968 2927 4014 autem
2959 3970 3007 4013 et
3047 3963 3270 4031 populus
3299 3979 3443 4016 meus
3488 3963 3586 4016 int—
3685 3998 3701 4010 .

1996 4051 2107 4121 pii?
2132 4050 2330 4120 (Exod.
2353 4051 2452 4122 Ix.)
2474 4051 2629 4118 Quod
2659 4052 2705 4107 si
2730 4053 2785 4107 hi
2815 4053 3062 4108 homines
3088 4053 3288 4125 aliique
3314 4053 3586 4109 innumeri

1999 4157 2125 4202 ante
2149 4145 2314 4217 Moysi
2342 4147 2514 4217 legem
2550 4153 2918 4218 cognoverunt
2946 4155 3228 4217 peccatum
3264 4163 3441 4211 suum,
3475 4162 3583 4203 non

1999 4240 2105 4294 erit
2129 4239 2244 4295 sine
2274 4239 2436 4294 dubio
2482 4238 2649 4309 Moysi
2678 4239 2787 4303 lex,
2829 4239 2896 4294 de
2937 4255 3045 4309 qua
3088 4240 3220 4295 dicit
3247 4238 3537 4309 Apostolus
3570 4253 3585 4294 :

2003 4331 2143 4397 Quia
2189 4342 2456 4402 peccatum
2502 4349 2607 4387 non
2658 4333 2895 4403 cognovi,
2934 4332 3038 4387 nisi
3064 4349 3158 4403 per
3207 4332 3403 4403 legem;
3432 4342 3489 4390 et
3522 4335 3592 4389 de

2002 4440 2106 4493 qua
2138 4424 2270 4479 dicit
2300 4440 2314 4479 :
2346 4425 2831 4496 Concupiscentiam
2870 4425 3158 4480 nesciebam
3190 4427 3290 4479 nisi
3323 4425 3408 4480 lea:
3448 4426 3590 4480 dice-

2008 4531 2123 4574 ret:
2156 4521 2281 4574 Non
2323 4522 2686 4592 concupisces;
2735 4523 2828 4577 sed
2859 4531 2943 4578 est
2975 4522 3065 4577 illa
3094 4522 3199 4585 lex,
3230 4524 3297 4577 de
3337 4536 3442 4591 qua
3480 4521 3587 4576 fre-

2007 4619 2235 4679 quenter
2280 4611 2538 4675 diximus,
2566 4626 2688 4679 qua:
2710 4611 2765 4664 in
2788 4612 3066 4666 hominum
3109 4613 3361 4667 cordibus
3386 4612 3591 4681 scripta

2004 4709 2106 4766 est,
2138 4717 2245 4756 non
2293 4708 2619 4765 atramento,
2654 4703 2748 4757 sed
2798 4701 3013 4771 Spiritu»
3032 4702 3126 4756 Dei
3165 4702 3297 4767 vivi,
3327 4711 3383 4756 et
3432 4702 3592 4758 docet

2001 4805 2441 4860 unumquemque
2484 4791 2611 4860 quid
2656 4792 2920 4862 agendum
2956 4770 3045 4857 siit,
3077 4792 3208 4862 quid
3264 4793 3584 4848 cavendum.

2000 4882 2119 4951 lp~a
2145 4889 2229 4937 est
2257 4896 2384 4952 ergo
2418 4896 2515 4951 per
2552 4898 2714 4952 quam
2756 4882 3036 4953 cognoscit
3086 4883 3249 4937 homo
3299 4892 3586 4953 peccatum

2003 4990 2180 5029 suum.
2212 4974 2410 5043 Aperte
2447 4974 2536 5028 hic
2587 4972 2889 5027 naturalem
2934 4972 3103 5043 legem
3152 4972 3285 5027 dicit
3327 4973 3513 5028 tandiu
3558 4990 3590 5029 a

2006 5066 2162 5119 nobis
2191 5065 2428 5132 ignorari
2448 5104 2463 5129 ,
2490 5064 2729 5132 quandiu
2761 5077 3021 5133 processu
3064 5065 3240 5120 astatis
3276 5065 3591 5120 noverimus

2006 5156 2146 5210 inter
2176 5156 2377 5209 bonum
2425 5163 2481 5210 et
2511 5154 2712 5208 malum
2759 5154 3092 5219 discernere,
3117 5163 3179 5209 et‘
3199 5171 3230 5208 a
3259 5155 3590 5210 conscientia

2008 5257 2192 5303 nostra
2214 5247 2571 5303 audierimus.
2601 5246 2867 5316 Loquitur
2909 5247 3054 5301 enim
3080 5248 3239 5304 nobis
3276 5248 3417 5302 intra
3462 5262 3593 5303 con-

2010 5341 2311 5405 scientiam,
2343 5350 2399 5393 et
2422 5339 2588 5403 dicit,
2639 5337 2765 5392 Non
2807 5339 3156 5410 concupisces.
3197 5338 3304 5394 Sed
3335 5339 3591 5410 quoniam

2012 5447 2118 5486 non
2162 5446 2398 5499 semper,
2429 5444 2527 5484 nec
2574 5444 2641 5483 ex
2687 5429 2874 5493 initio,
2900 5438 2959 5482 ut
2980 5430 3228 5484 nascitur
3268 5431 3456 5493 homo,
3505 5428 3594 5482 lex

2013 5524 2115 5577 ista
2161 5523 2437 5577 invenitur
2463 5522 2517 5579 in
2548 5523 2789 5587 homine,
2816 5522 2912 5575 sed
2938 5520 3272 5589 aliquandiu,
3303 5521 3427 5575 dum
3456 5527 3599 5575 mtas.

2009 5617 2248 5673 nondum
2278 5618 2503 5688 patitur,
2545 5617 2661 5671 sine
2691 5617 2791 5671 hac
2814 5615 2933 5686 lege
2962 5614 3179 5679 vivitur,
3209 5615 3349 5668 sicut
3387 5620 3444 5668 et
3478 5612 3594 5680 ipse

2011 5707 2212 5764 Paulus
2261 5709 2479 5773 fatetur,
2516 5707 2735 5777 quando
2783 5707 2915 5762 dicit
2950 5724 2963 5759 :
3002 5706 3115 5775 Ego
3159 5714 3332 5755 autem
3365 5701 3595 5755 vivebam

2012 5799 2124 5849 sine
2192 5798 2301 5865 lego
2359 5795 2686 5865 aliquando;
2738 5797 2791 5849 in
2860 5793 2951 5849 illo
3008 5804 3248 5861 tempore
3310 5804 3414 5861 quo
3477 5790 3597 5847 sine
