4000 6398
432 293 568 358 lii}

1061 295 1124 348 Β.
1165 293 1420 348 RABANI
1461 289 1678 346 MAURI
1716 284 2036 350 ARClllEP.
2077 282 2387 371 MOGQNT.
2427 286 2928 346 0PERUM~1’ARS
2955 288 3052 364 .llhl.

3558 291 3760 348 1424

426 414 543 485 lege
581 410 814 466 viximus
839 449 854 476 ,
901 408 1386 480 concupiscentiam
1429 403 1824 460 nesciebamus.
1884 401 1996 456 Non
2025 407 2078 466 Α
2103 397 2228 472 lipp.
2246 401 2364 476 in)?
2390 401 2497 458 Sed
2525 403 2628 457 hoc
2670 371 2831 458 modo
2883 418 2990 473 quo
3015 403 3266 469 diximus,
3291 408 3407 460 sine
3435 409 3576 477 lege
3599 424 3753 463 na-

423 506 560 561 dixit
611 519 719 560 non
777 501 1066 567 habebam,
1111 501 1202 556 sed
1241 501 1348 566 ait,
1379 498 1700 562 nesciebam,
1745 504 1999 566 tanquam

423 577 544 668 qua:
589 602 732 651 esset
773 593 1007 664 quidem,
1062 593 1404 663 ignoraretur
1451 599 1628 642 tamen
1667 586 1808 656 quod
1857 591 2000 640 esset

423 687 882 760 concupiscentia.
936 685 1040 742 Ubi
1081 691 1260 738 autem
1307 681 1455 736 venit
1496 679 1666 743 ratio,
1703 685 1758 732 et
1789 677 1870 732 lex
1904 693 1998 732 na-

421 781 614 838 turalis
640 781 816 836 locum
848 779 902 833 in
943 777 1094 832 nobis
1123 777 1376 845 processu
1421 771 1596 826 aetatis
1641 769 1868 832 invenit,
1898 767 1996 821 do-

420 893 546 934 cere
575 891 675 930 nos
696 874 864 944 etrapit
909 887 1028 942 qua:
1052 878 1231 925 essent
1253 869 1416 930 bona,
1438 873 1493 918 et
1509 863 1798 933 prohibere
1827 877 1856 914 a
1885 876 1998 914 ma-

419 970 508 1026 lis.
559 967 673 1023 Hoc
731 981 883 1036 ergo,
919 963 1042 1018 dum
1101 961 1231 1041 dicit
1246 995 1292 1061 γ
1316 955 1437 1010 Νοη
1466 955 1821 1024 concupisces,
1852 951 1994 1020 quod

419 1067 546 1116 ante
597 1055 1010 1116 nesciebamus,
1055 1052 1122 1106 ab
1166 1047 1282 1120 ips'a'
1315 1048 1602 1104 didicimus
1633 1047 1827 1101 malam
1873 1059 2007 1100 esse.

417 1147 924 1220 concupiscentiam.
975 1141 1260 1197 Occasione
1301 1134 1480 1192 ‘a‘utem
1533 1147 1767 1207 accepta,
1806 1151 1992 1206 pecca-

415 1251 527 1294 tum
546 1255 638 1311 per
667 1235 972 1292 mandatum
999 1223 1264 1304 operatum
1289 1240 1362 1284 est
1392 1231 1447 1284 in
1469 1245 1548 1283 me
1569 1243 1773 1282 omnem
1803 1242 1992 1279 concu-

414 1330 738 1402 piscentiam.
773 1327 883 1381 Lex
911 1324 1024 1391 illa,
1067 1323 1133 1378 de
1155 1339 1260 1393 qua
1290 1321 1422 1376 dicit
1451 1319 1580 1402 quia
1608 1317 1992 1386 concupiscere

414 1421 739 1485 nesciebam,
768 1417 870 1473 nisi
921 1416 1006 1471 lex
1037 1415 1263 1492 diceret,
1310 1410 1433 1489 Non
1477 1408 1839 1480 concupisces,
1873 1409 1990 1478 ipsa

410 1521 590 1570 autem
628 1511 790 1567 etiam
843 1509 1155 1565 mandatum
1204 1504 1521 1576 appellatur.
1566 1502 1656 1580 an
1690 1516 1820 1572 ergo
1864 1500 1990 1570 quia

409 1605 692 1662 occasione
735 1601 974 1658 mandati
1012 1599 1173 1670 hujus
1222 1615 1328 1668 quo
1366 1593 1992 1676 concupiscereprohi-

408 1693 600 1753 bentur
648 1701 931 1765 peccatum
962 1688 1335 1746 vehementius
1381 1687 1589 1742 exarsit
1637 1681 1690 1738 in
1729 1685 1904 1750 nobis,
1933 1691 1986 1738 et

2104 490 2260 544 turali
2292 491 2427 545 vixit
2452 491 2614 546 etiam
2646 492 2762 562 ipse
2803 492 3169 564 aliquandO‘in
3208 497 3464 566 pueritia,
3498 513 3628 569 quo
3665 500 3748 556 in

2101 590 2343 652 tempore
2369 582 2502 638 dixit
2540 598 2648 638 non
2693 583 2858 639 fuisse
2893 585 2947 640 in
2978 585 3196 641 homine
3239 597 3536 656 peccatum
3558 630 3579 656 ,
3611 591 3745 648 sed

2098 681 2374 728 mortuum
2424 673 2612 739 fuisse,
2663 683 2718 730 et
2770 677 3032 733 revixisse
3085 679 3429 748 postmodum
3473 681 3587 737 ubi
3623 681 3746 738 lex

2103 763 2396 820 adveniens
2425 765 2686 820 naturalis
2715 766 3003 836 prohibere
3039 769 3554 840 concupiscentiam
3599 788 3743 829 cte-

2097 853 2177 922 pit
2205 873 2216 906 :
2248 869 2369 924 quae
2401 855 2489 908 lex
2521 856 2685 910 veluti
2734 868 3004 912 mortuum
3041 859 3324 915 suscitavit
3369 873 3733 932 peccatum;

2096 947 2304 1014 peccati
2340 951 2572 1016 nam‘que
2594 957 2788 1002 natura
2801 949 2930 1004 haec
2957 959 3062 1017 est,
3091 952 3136 1006 si
3162 951 3260 1007 flat
3277 956 3425 1024 quod
3451 955 3552 1012 lex
3583 957 3732 1013 ﬁeri

2096 1043 2262 1089 vetat.
2293 1034 2634 1092 Reviviscente
2655 1055 2776 1110 ergo
2797 1050 3030 1107 peccato,
3065 1059 3179 1114 ego,
3212 1044 3412 1116 inquit,
3445 1059 3730 1106 mortuus

2095 1141 2230 1181 sum.
2253 1125 2384 1198 Ego,
2415 1128 2572 1196 quis?
2593 1129 2772 1184 anima
2812 1131 2929 1186 sine
2957 1133 3121 1189 dubio
3148 1151 3270 1206 quae
3307 1137 3525 1194 fecerat
3555 1143 3727 1210 quod

2097 1216 2220 1271 fieri
2261 1217 2346 1272 lex
2387 1221 2644 1275 vetabat:
2672 1221 2861 1275 Anima
2897 1223 3040 1278 enim
3080 1243 3197 1296 qua:
3227 1241 3428 1298 peccat,
3467 1242 3535 1285 ut
3572 1248 3722 1301 pro—

2093 1309 2256 1379 pheta
2292 1309 2423 1365 dicit
2453 1309 2669 1380 (Eseclt.
2709 1313 2862 1385 xvm)
2901 1316 3016 1386 ipsa
3063 1318 3339 1374 morietur.
3397 1321 3717 1378 Inventum

2095 1410 2179 1456 est
2207 1416 2337 1474 ergo
2375 1404 2686 1458 mandatum
2733 1407 2876 1476 quod
2927 1409 3111 1463 datum
3161 1409 3343 1466 fuerat
3385 1415 3456 1468 ad
3489 1415 3712 1480 vitam,

2094 1491 2288 1547 anima:
2308 1492 2532 1560 scilicet,
2561 1505 2619 1550 ut
2637 1509 2757 1550 eam
2778 1496 2995 1553 doceret
3019 1514 3183 1570 opera
3205 1503 3334 1558 vitae
3367 1507 3625 1562 cessisse
3655 1510 3712 1563 ei

2095 1582 2162 1636 ad
2191 1591 2458 1657 mortem“
2475 1584 2600 1660 dum
2629 1587 2900 1656 prohibita
2923 1605 3028 1646 non
3052 1599 3161 1646 tam
3182 1595 3400 1664 refugit,
3418 1613 3602 1666 quam
3619 1615 3714 1654 ar-

2093 1673 2306 1730 dentius
2320 1676 2542 1747 expetit.
2570 1677 2747 1734 Movet
2769 1695 2854 1734 me
2867 1689 3046 1736 tamen
3063 1681 3118 1737 in
3141 1683 3228 1740 his
3243 1687 3514 1754 quomodo
3531 1689 3714 1756 glixe—

406 1803 624 1844 omnem
653 1763 950 1856 ioperatum
996 1791 1081 1838 est
1107 1780 1159 1836 in
1189 1779 1346 1834 nobis
1386 1777 1896 1847 concupiscentiam.
1929 1775 1986 1830 ln
2020 1763 2063 1822 Β
2091 1768 2162 1823 rit
2183 1781 2461 1838 peccatum
2478 1780 2747 1828 mortuum
2765 1787 2884 1828 esse
2911 1782 2965 1829 et
2994 1776 3510 1844 revixisse,videtur
3532 1784 3705 1837 enim

405 1895 472 1935 eo
521 1891 755 1947 namque
781 1876 836 1930 in
877 1889 986 1944 quo
1015 1869 1346 1941 concupiscit
1390 1883 1520 1924 caro
1569 1867 1832 1923 adversus
1879 1865 1986 1934 spi-

305 1987 308 1995 '
407 1973 593 2038 ritum,
615 1971 669 2026 id
695 1978 796 2035 est,
827 1970 1086 2024 adversus
1114 1967 1309 2040 legem,
1333 1981 1452 2036 quae
1493 1963 1656 2044 dicit,
1691 1962 1814 2046 Nan
1855 1979 1982 2016 con—

405 2065 637 2134 cupisces
656 2103 670 2127 ,
700 2061 860 2118 etiam
885 2061 1201 2116 adversatur
1228 2059 1302 2126 ei,
1335 2067 1392 2112 et
1415 2065 1690 2112 certamen
1727 2056 1986 2126 quodam-

406 2154 566 2210 modo
592 2153 824 2224 gerit,ut
844 2167 948 2206 non
978 2151 1148 2207 solum
1185 2148 1633 2220 concupiscentia:
1663 2145 1982 2212 satisfaciat,

403 2248 497 2304 sed
525 2247 687 2302 etiam
716 2243 1081 2301 adversarium
1108 2243 1308 2298 vincat.
1350 2240 1475 2296 Haec
1508 2248 1592 2296 est
1615 2255 1742 2308 ergo
1768 2239 1984 2294 occasio

365 2378 370 2382 ι
402 2357 565 2414 quam
605 2339 735 2397 dicit
774 2339 961 2394 venire
997 2353 1064 2392 ex
1090 2335 1378 2400 mandato;
1419 2333 1604 2389 nescio
1647 2347 1754 2402 quo
1783 2330 1981 2386 etenim

398 2444 558 2508 pacto
585 2449 649 2490 ea
670 2447 790 2504 quae
807 2429 1160 2501 prohibentur
1194 2426 1470 2482 ardentius
1505 2423 1898 2486 desiderantur,
1929 2431 1984 2476 et

401 2527 523 2582 ideo
565 2539 689 2580 cum
731 2523 1045 2578 mandatum
1091 2528 1362 2584 sanctum,
1392 2515 1678 2585 etjustum
1707 2522 1764 2568 et
1780 2515 1978 2568 bonum

399 2620 470 2674 sit
519 2616 684 2688 (quod
709 2617 856 2672 enim
885 2613 1134 2686 prohibet
1161 2610 1386 2675 malum,
1427 2606 1736 2664 necessario
1777 2605 1979 2661 bonum

397 2707 500 2779 est)
543 2707 668 2763 dum
705 2705 1044 2777 prohibendo
1093 2699 1584 2772 concupiscentiam
1641 2697 1812 2768 magis
1859 2709 1978 2750 eam

395 2806 653 2870 provocat
679 2807 734 2854 et
774 2795 1092 2860 inflammat,
1123 2809 1220 2865 per
1264 2789 1470 2847 bonum
1521 2789 1651 2845 mihi
1697 2799 1979 2858 cperatum

395 2899 482 2945 est
519 2899 770 2945 mortem.
823 2887 1030 2942 lndicat
1064 2891 1242 2938 tamen
1283 2881 1574 2951 Apostolus
1605 2879 1660 2934 in
1688 2879 1790 2944 his,
1837 2879 1980 2948 quod

393 2981 548 3051 origo
571 2979 774 3050 peccati
803 2993 869 3032 ex
898 2974 1337 3044 concupiscentia
1364 2980 1485 3028 orta
1525 2971 1614 3035 sit,
1641 2970 1767 3036 dum
1796 2969 1978 3038 probi-

392 3072 596 3127 bentur
617 3086 648 3124 a
679 3069 815 3140 lege,
843 3069 955 3123 sive
973 3066 1162 3138 Moysi,
1179 3081 1298 3136 quae
1317 3065 1466 3129 dicit,
1491 3079 1595 3118 non
1621 3062 1974 3132 concupisces,

393 3160 508 3217 sive
536 3160 723 3230 etiam,
767 3166 821 3213 ut
851 3171 1014 3226 supra
1059 3155 1427 3225 exposuimus,
1469 3151 1722 3218 naturali,
1752 3145 1818 3206 e'o
1847 3166 1976 3206 con-

392 3250 676 3307 tentiosius
696 3245 838 3320 quod
863 3245 1196 3318 prohibetur,
1223 3243 1514 3312 expetitur.
1533 3239 1824 3296 Sciendum
1844 3255 1974 3294 sane

391 3351 478 3400 est
524 3343 666 3414 quod
713 3339 1145 3410 concupiscentia
1174 3339 1261 3394 hic
1293 3336 1574 3408 culpabilis
1607 3337 1864 3406 ponitur:
1890 3345 1974 3391 est

390 3443 574 3489 autem
604 3432 658 3487 in
689 3430 872 3487 multis
902 3439 958 3486 et
1005 3429 1288 3485 laudabilis
1335 3429 1474 3484 sicut
1523 3442 1684 3496 supra
1728 3427 1970 3482 ostendi-

390 3540 557 3582 mus:
591 3523 720 3580 Sine
763 3525 871 3593 lege
910 3523 1047 3576 enim
1092 3530 1360 3592 peccatum
1403 3529 1665 3574 mortuum
1715 3529 1810 3573 est.
1855 3517 1969 3588 Ego

387 3625 562 3670 autem
587 3614 816 3674 vivebam
842 3613 954 3667 sine
982 3612 1090 3684 lege
1115 3609 1540 3684 aliquando;sed
1563 3610 1650 3664 ubi
1665 3611 1796 3664 venit
1819 3627 1970 3664 man-

387 3703 593 3769 datum,
634 3712 902 3772 peccatum
931 3702 1133 3756 revixit.
1171 3699 1286 3771 Ego
1325 3708 1500 3754 autem
1548 3708 1785 3752 mortuus
1826 3715 1964 3764 sum,

385 3805 435 3849 et
463 3796 729 3850 inventum
755 3803 830 3848 est
858 3794 986 3848 mihi
1027 3793 1356 3858 mandatum,
1379 3793 1518 3864 quod
1543 3801 1652 3846 erat
1683 3792 1752 3845 ad
1781 3793 1962 3856 vitam,

385 3885 482 3939 hoc
525 3900 635 3939 esse
673 3883 742 3938 ad
782 3893 1018 3938 mortem.
1051 3883 1128 3939 De
1159 3883 1241 3939 bis
1286 3897 1424 3954 pene
1450 3883 1702 3938 omnibus
1746 3881 1858 3952 jam
1909 3885 1964 3938 in

384 3975 754 4046 superioribus
781 3975 936 4046 plene
977 3983 1270 4032 tractatum
1315 3983 1438 4031 est:
1475 3973 1618 4030 unde
1669 3990 1736 4030 ne
1775 3977 1963 4031 eadem

383 4067 580 4138 sapius
608 4067 966 4132 revolvamus,
997 4067 1235 4124 breviter
1261 4083 1382 4139 quae
1429 4067 1570 4123 dicta
1610 4076 1739 4123 sunt
1768 4069 1822 4123 in
1850 4084 1964 4124 me-

383 4161 612 4219 moriam
667 4164 1058 4221 revocabimus.
1109 4163 1240 4218 Sine
1282 4163 1399 4234 lege
1446 4171 1629 4217 autem
1679 4170 1962 4232 peccatum

383 4264 656 4309 mortuum
689 4269 812 4310 esse
852 4254 905 4309 in
943 4254 1118 4319 nobis,
1149 4255 1254 4308 hoc
1287 4262 1371 4308 est
1396 4264 1688 4324 antequam
1714 4270 1811 4324 per
1831 4263 1962 4310 ana-

385 4352 492 4397 tem
524 4342 862 4398 rationabilis
911 4343 1050 4396 intra
1100 4358 1198 4397 nos
1244 4356 1434 4398 sensus
1467 4342 1672 4414 vigeret
1715 4345 1962 4400 ostendi-

2092 1859 2217 1927 quia
2247 1875 2352 1916 non
2399 1861 2573 1930 possit
2600 1861 2706 1918 dici
2749 1874 3045 1931 mortuum,
3077 1866 3180 1922 nisi
3217 1869 3360 1938 quod
3387 1869 3707 1940 aliquando

2090 1953 2305 2019 vixerit,
2319 1961 2374 2008 et
2397 1957 2742 2026 postmodum
2757 1957 2866 2013 vita
2882 1960 3138 2014 caruerit.
3159 1959 3265 2016 Sed
3276 1970 3331 2017 et
3345 1963 3449 2018 hoc
3472 1963 3700 2034 ipsum,
3751 2019 3758 2022 _

2089 2043 2233 2112 quod
2281 2044 2430 2110 dicit,
2467 2047 2671 2113 revixit,
2719 2061 2829 2103 non
2877 2064 3052 2120 nuper
3103 2050 3282 2105 datam
3328 2051 3532 2120 vitam,
3591 2058 3702 2113 sed

2091 2133 2326 2203 priorem
2361 2137 2624 2192 redditam
2659 2137 2836 2205 docet,
2884 2138 2998 2210 ipse
3043 2141 3184 2196 enim
3236 2158 3435 2210 sermo,
3467 2148 3698 2214 revixit,

2086 2243 2303 2282 rursum
2331 2229 2535 2285 vixisse
2571 2229 2860 2302 significat.
2899 2231 3008 2288 Nos
3053 2243 3232 2290 autem
3265 2248 3497 2294 mortem
3532 2240 3700 2298 hanc

2085 2319 2294 2388 peccati
2325 2319 2586 2376 beneficio
2613 2321 2706 2376 Dei
2729 2323 2912 2377 datam
2939 2323 3168 2381 dicimus
3195 2333 3435 2397 tempore
3460 2345 3529 2385 eo
3567 2348 3698 2402 quo

2085 2410 2204 2464 sine
2253 2409 2375 2482 lege
2404 2410 2758 2480 vivebamus;
2785 2415 2926 2484 quod
2965 2425 3020 2472 et
3046 2417 3091 2473 si
3137 2419 3388 2475 veniente
3415 2425 3695 2481 mandato

2083 2503 2229 2572 quod
2250 2511 2518 2570 sanctum,
2548 2513 2604 2560 et
2620 2503 2849 2575 justum,
2874 2517 2931 2564 et
2954 2510 3154 2566 bonum
3175 2523 3282 2581 est,
3313 2517 3598 2575 reviviscit
3625 2521 3691 2576 in

2091 2595 2248 2652 nobis
2271 2605 2576 2668 peccatum,
2604 2607 2660 2654 et
2689 2601 2890 2656 occidit
2917 2619 3036 2660 nos.
3082 2604 3372 2664 Peccatum
3395 2611 3544 2667 enim
3583 2628 3694 2670 ac—

2083 2696 2242 2758 cepta
2273 2690 2560 2747 occasione
2581 2707 2681 2762 per
2709 2695 3022 2752 mandatum
3077 2699 3294 2754 seduxit
3320 2715 3428 2768 me,
3473 2712 3532 2758 et
3572 2719 3691 2777 per

2083 2780 2212 2836 illud
2241 2782 2452 2848 occidit,
2472 2799 2576 2838 non
2604 2792 2688 2840 est
2706 2788 2981 2845 accusatio
3005 2791 3246 2848 mandati
3276 2809 3374 2864 per
3396 2795 3496 2852 hoc
3523 2799 3682 2866 quod

2077 2871 2438 2942 Occasionem,
2471 2892 2578 2946 qua
2603 2881 2802 2936 occidit
2851 2895 3266 2955 me,peccatum,
3294 2891 3507 2946 venisse
3535 2891 3679 2948 dicit

2086 2980 2155 3058 ex
2203 2967 2482 3033 mandato,
2511 2967 2606 3024 sed
2635 2970 2750 3026 haec
2773 2982 2856 3028 est
2889 2974 3017 3029 dicti
3049 2977 3209 3058 huius
3257 2985 3668 3051 consequentia.

2079 3055 2190 3112 Lex
2219 3059 2420 3114 dicitur
2438 3075 2560 3130 quae
2586 3061 2744 3118 docet
2787 3066 2914 3135 quid
2970 3065 3086 3122 fieri
3114 3055 3344 3137 debeat,
3392 3073 3518 3142 quid
3569 3091 3670 3130 ca-

2079 3148 2213 3202 veri.
2239 3148 2472 3206 Necesse
2499 3161 2584 3206 est
2608 3162 2667 3208 ut
2695 3153 2822 3210 illud
2852 3159 2995 3227 quod
3024 3161 3205 3216 caveri
3257 3164 3387 3219 dicit
3439 3167 3667 3223 edoceat

2077 3238 2234 3307 quale
2258 3239 2346 3306 sit,
2384 3256 2492 3312 quo
2539 3259 2638 3314 per
2663 3245 2766 3302 hoc
2805 3251 2985 3304 caveri
3025 3250 3238 3308 facilius
3261 3259 3430 3325 possit
3460 3278 3471 3312 :
3499 3277 3663 3316 nemo

2075 3331 2220 3384 enim
2251 3341 2430 3402 potest
2456 3334 2632 3392 vitare
2661 3340 2802 3408 quod
2824 3343 3018 3398 nescit.
3056 3344 3113 3399 Si
3137 3347 3261 3416 quis
3289 3365 3419 3419 ergo
3439 3353 3659 3408 edoctus

2072 3438 2170 3492 per
2199 3423 2395 3496 legem,
2417 3427 2578 3497 quale
2605 3429 2676 3485 sit
2713 3429 2766 3485 id
2789 3433 2933 3503 quod
2978 3450 3173 3492 cavere
3200 3437 3383 3506 debet,
3419 3458 3522 3498 non
3546 3452 3654 3498 tam

2072 3528 2278 3586 caveat,
2327 3521 2706 3596 quanrfaciat
2748 3524 2910 3593 illud,
2967 3531 3307 3586 occasionem
3341 3535 3556 3604 quidem
3581 3535 3652 3591 le—

2071 3610 2153 3679 gis
2185 3625 2290 3665 non
2326 3610 2584 3668 facienda:
2617 3616 2696 3670 rei
2743 3617 3023 3674 scientiam
3054 3619 3327 3676 videbitur
3364 3625 3644 3694 accepisse.

2071 3700 2175 3756 Sed
2217 3701 2302 3758 lex
2341 3719 2446 3758 non
2477 3705 2678 3762 idcirco
2703 3723 2826 3762 eum
2865 3710 3123 3767 docuerat
3171 3722 3232 3768 ut
3271 3713 3473 3769 faceret
3509 3716 3644 3784 quod

2071 3808 2175 3848 non
2218 3793 2444 3861 debeat,
2487 3807 2542 3852 et
2599 3809 2927 3867 moreretur,
2960 3803 3053 3857 sed
3101 3812 3158 3857 ut
3193 3819 3297 3858 non
3343 3805 3559 3870 faceret,
3595 3813 3648 3860 et

2066 3884 2291 3942 viveret.
2321 3887 2413 3944 Sic
2455 3904 2584 3960 ergo
2622 3901 2905 3960 peccatum
2954 3895 3238 3952 occasione
3291 3909 3507 3968 accepta
3552 3915 3645 3968 per

2067 3981 2379 4036 mandatum
2403 3983 2615 4038 seduxit
2633 4001 2741 4052 me,
2759 3995 2816 4041 et
2837 4003 2934 4058 per
2978 3988 3109 4046 illud
3127 3991 3355 4058 occidit;
3388 4003 3480 4048 aut
3501 4003 3643 4049 certe

2066 4069 2192 4136 quia
2215 4070 2374 4136 dixit,
2405 4082 2687 4142 peccatum
2719 4092 2818 4147 per
2848 4081 3161 4136 mandatum
3193 4085 3410 4139 seduxit
3451 4102 3552 4151 me,
3589 4096 3643 4140 et

2063 4175 2160 4230 per
2203 4159 2332 4216 illud
2387 4163 2623 4230 occidit,
2669 4174 2849 4236 potest
2900 4169 2989 4226 hic
3026 4181 3305 4241 peccatum
3361 4175 3443 4228 vel
3475 4177 3638 4246 ipsum

2064 4263 2339 4310 auctorem
2393 4255 2593 4312 dixisse
2642 4261 2890 4329 peccati,
2943 4262 3008 4317 de
3057 4279 3164 4334 quo
3213 4267 3475 4337 scriptum
3515 4275 3634 4321 est:

2066 4339 2288 4411 Serpens
2330 4338 2536 4396 seduxit
2563 4361 2644 4399 me
2685 4345 2840 4416 (Gen.
2887 4349 3004 4421 in);
3034 4350 3115 4406 vel
3165 4354 3328 4408 etiam
3360 4369 3634 4425 personam

383 4448 524 4500 mus,
560 4447 682 4487 cum
721 4433 880 4486 etiam
925 4433 1228 4502 exemplum
1269 4434 1424 4505 pueri
1471 4435 1826 4504 percutientis
1865 4452 1958 4508 pa-
1987 4457 2038 4517 ι)
2065 4429 2282 4485 ﬁnxisse
2308 4441 2552 4502 Ρθοοιὶιο,
2585 4451 2706 4504 quae
2756 4438 2870 4493 Visa
2923 4441 2995 4495 sit
3044 4443 3318 4500 hominem
3367 4447 3634 4502 seduxisse

384 4533 519 4580 trem
555 4531 649 4579 aut
691 4535 941 4590 matrem,
967 4523 1053 4580 vel
1080 4525 1448 4584 maledicentis
1491 4527 1850 4597 adduximus;
1905 4530 1959 4584 in

2062 4523 2346 4579 occasione
2382 4527 2642 4592 mandati,
2677 4538 2736 4583 ut
2763 4545 2982 4586 suavem
3023 4531 3224 4588 faceret
3255 4537 3632 4605 concupiscen-

380 4633 488 4689 quo
528 4615 822 4673 secundum
865 4616 1037 4690 legem
1082 4620 1299 4690 quidem
1343 4618 1721 4690 prohibentem
1752 4623 1958 4692 perculi
2058 4612 2206 4678 tiam,
2238 4621 2292 4686 gl
2319 4615 2518 4680 anima,
2565 4615 2691 4672 dum
2745 4619 3009 4675 suavitate
3048 4623 3496 4691 concupiscentia:
3541 4623 3627 4677 dc-

379 4709 464 4766 vel
513 4707 758 4766 maledici
796 4719 1004 4781 patrem
1039 4719 1131 4765 aut
1187 4721 1454 4778 matrem,
1506 4722 1788 4783 peccatum
1841 4714 1960 4768 ﬁeri
2005 4741 2013 4754 ι
2056 4702 2322 4771 lectatur,
2363 4707 2768 4776 praevaricando
2812 4711 3156 4780 mandatum,
3201 4716 3344 4784 quod
3387 4716 3623 4772 dicebat:

379 4802 632 4858 videtur:
674 4802 938 4859 scd-istud
977 4815 1255 4873 peccatum
1285 4814 1555 4870 mortuum
1589 4821 1709 4860 esse
1738 4807 1958 4872 dicitur,

379 4893 507 4962 quia
549 4893 632 4948 lex
659 4894 911 4950 nondum.
945 4896 1099 4950 adest
1148 4895 1200 4949 in
1243 4911 1440 4966 puero,
1470 4913 1589 4966 quae
1617 4913 1739 4951 eum
1768 4898 1960 4952 doceat

379 4982 485 5038 hoc
509 4984 652 5053 quod
679 4983 809 5039 facit
838 4984 955 5040 fieri
978 5001 1085 5042 non
1122 4985 1283 5042 licere
1313 5005 1325 5040 :
1356 4986 1474 5041 sine
1507 4987 1610 5042 hac
1633 4999 1815 5043 autem
1841 4988 1957 5059 lege

380 5081 437 5126 et
483 5071 705 5128 Paulum
761 5084 818 5130 et
880 5092 1068 5133 omnes
1125 5078 1372 5132 homines
1441 5088 1649 5132 certum
1712 5088 1796 5133 est
1860 5080 1958 5134 ali-

379 5160 598 5232 quando
626 5162 842 5230 vixisse,
865 5165 966 5220 hoc
979 5167 1156 5232 est,in
1176 5176 1335 5222 aetate
1363 5167 1554 5237 puerili
1573 5185 1588 5233 ;
1605 5183 1795 5224 omnes
1811 5170 1953 5224 enim

376 5250 630 5310 similiter
675 5268 770 5323 per
819 5254 948 5310 illud
999 5267 1209 5328 tempus
1257 5259 1494 5313 nondum
1537 5275 1766 5330 capaces
1798 5261 1958 5330 hujus

379 5341 643 5398 naturalis
670 5342 802 5413 legis
827 5346 1146 5402 existebant.
1177 5346 1309 5400 Nam
1326 5348 1512 5417 utique
1541 5363 1648 5402 non
1679 5349 1954 5403 videretur

375 5435 448 5491 de
489 5435 594 5491 hoc
637 5434 786 5490 Pauli
824 5449 947 5490 vera
998 5451 1117 5491 esse
1165 5437 1461 5506 professio;
1490 5439 1763 5508 quomodo
1807 5439 1951 5493 enim

380 5528 496 5584 sine
523 5528 640 5600 lege
666 5527 832 5600 Moysi
858 5529 1171 5598 probabitur
1195 5529 1388 5585 Paulus
1421 5529 1710 5600 aliquando
1731 5530 1952 5596 vixisse,

380 5630 500 5670 cum
537 5618 651 5686 ipse
679 5633 738 5671 se
769 5615 1054 5672 Hebraeum
1111 5633 1174 5672 ex
1219 5619 1478 5686 llebrmis,
1529 5632 1585 5676 et
1629 5630 1820 5676 octavo
1869 5623 1954 5677 die

383 5707 756 5766 circumcisum
780 5708 1072 5764 secundum
1097 5707 1227 5772 legis
1253 5723 1518 5777 praecepta
1545 5715 1775 5766 fatentur
1796 5714 1951 5779 (Plii-

2060 4792 2184 4848 Non
2209 4797 2563 4866 concupisces,
2599 4812 2920 4855 moreretur.
2959 4799 3066 4858 Sed
3109 4818 3176 4858 ne
3207 4805 3330 4874 quis
3358 4805 3460 4860 hoc
3489 4821 3628 4859 man-

2059 4885 2184 4938 dato
2227 4885 2361 4957 legis
2407 4889 2733 4955 ascriberet,
2785 4892 2928 4961 quod
2973 4895 3258 4950 occasione
3303 4897 3553 4966 praecepti
3598 4911 3623 4948 a

2060 4987 2280 5048 peccato
2305 4979 2525 5035 seducta
2563 4991 2645 5036 est
2673 4982 2851 5038 anima
2879 4992 2934 5038 et
2975 4985 3176 5048 occisa,
3207 4983 3626 5057 subjungitApo—

2059 5071 2228 5125 stolus
2247 5080 2302 5125 et
2329 5072 2460 5128 dicit
2491 5093 2502 5127 :
2537 5073 2724 5146 Itaque
2763 5077 2848 5130 (ex
2879 5078 3087 5150 quidem
3127 5090 3332 5146 sancta,
3355 5092 3402 5134 et
3426 5081 3627 5134 manda-

2057 5173 2169 5216 tum
2206 5173 2463 5231 sanctum,
2496 5175 2542 5218 et
2563 5166 2795 5236 justum,
2819 5178 2866 5222 et
2899 5169 3122 5232 bonum;
3151 5169 3349 5224 bonum
3406 5183 3626 5240 namque

2058 5261 2140 5307 est
2170 5255 2481 5308 mandatum
2513 5261 2570 5309 et
2595 5255 2679 5310 lex
2705 5267 2892 5312 sancta
2931 5265 3036 5322 est,
3059 5257 3198 5312 bona
3227 5260 3370 5313 enim
3398 5259 3628 5328 praecipit

2059 5355 2114 5400 cl.
2159 5345 2426 5400 bonorum
2474 5347 2871 5402 observantiam
2919 5352 3158 5405 mandat.
3202 5351 3355 5416 Quod
3388 5369 3526 5421 ergo,
3554 5352 3630 5406 in-

2061 5436 2198 5504 quit,
2230 5435 2420 5490 bonum
2445 5447 2551 5502 est,
2583 5437 2711 5492 mihi
2755 5435 2955 5508 factum
3001 5451 3077 5494 est
3126 5441 3306 5496 mors?
3328 5441 3492 5496 Absit.
3537 5439 3631 5497 Ob-

2055 5525 2343 5592 jectionem
2397 5541 2528 5581 vero
2574 5527 2768 5582 refellit
2819 5532 3128 5588 necessario
3191 5523 3628 5602 consurgentem;

2063 5630 2117 5672 et
2149 5618 2299 5685 dicit,
2346 5635 2452 5674 non
2494 5619 2636 5690 quod
2684 5621 2882 5677 bonum
2928 5622 3064 5688 legis
3108 5631 3162 5672 ot
3209 5615 3447 5673 mandati
3486 5633 3628 5673 mor-

2065 5720 2170 5760 tem
2209 5711 2340 5760 mihi
2369 5712 2610 5760 intulerit
2631 5743 2644 5770 ,
2687 5707 3110 5778 Sczt'pcccatnm,
3142 5707 3340 5778 inquit,
3386 5714 3446 5762 ut
3473 5703 3641 5780 quabi-

3317 5796 3384 5814 .,,
3469 5798 3524 5822 .‘
