4000 6398
316 431 460 486 uas
536 499 542 504 ε

851 380 1401 481 ENARRATIQNUM
1435 419 1501 474 IN
1547 417 1693 473 EPP.
1734 413 1953 491 PAULI,
1979 415 2107 471 LIB.
2149 396 2235 471 tv;
2276 448 2342 458 --
2382 416 2455 470 lN-
2486 415 2700 471 EPIST.
2744 417 2834 470 AD
2874 414 3038 470 ROM.

3434 413 3568 471 “26

316 548 562 617 iniquum
583 545 654 600 sit
675 516 1271 614 appareal,perlmmnu
1295 535 1422 590 mihi
1447 534 1625 589 intulit
1646 538 1894 586 mortem.
1924 530 1974 588 Α
2002 528 2229 583 ritaliter
2280 526 2545 599 intelligit,
2606 529 2690 583 lex
2727 528 2980 598 spiritalis
3022 536 3186 582 estet
3223 527 3456 597 Spiritus
3492 528 3573 580 vi-

316 640 525 694 Bonnm
564 650 794 705 namque
842 649 924 687 esu.
978 631 1286 685 mandatum
1341 629 1387 680 si
1446 634 1817 687 conservatur,
1854 623 1899 676 si

314 747 452 787 vero
488 744 598 785 non
626 735 895 791 servetur,
933 722 1240 779 necessario
1298 719 1496 774 malum
1544 718 1648 772 erit
1695 716 1769 770 illi
1807 715 1898 785 qui

314 820 612 893 perdiderit
640 819 861 874 bonum.
912 815 1001 869 Fit
1026 822 1155 884 ergo
1186 813 1362 883 ipsum
1408 796 1688 890 peccatum
1736 822 1899 878 supra

318 913 536 968 modum
565 917 816 981 peccator
849 923 916 962 ex
955 905 1241 961 occasione
1268 902 1526 958 mandati.
1576 900 1822 954 Diximus
1846 907 1901 954 et

318 1002 569 1073 superius
594 999 736 1069 quod
757 997 911 1068 quasi
941 1010 1228 1080 personam
1251 992 1470 1047 tinxerit
1499 981 1727 1059 peccaii,
1754 997 1809 1043 et
1834 988 1900 1043 de

300 1094 438 1164 ipsa
469 1093 612 1147 dicat
640 1105 802 1159 supra
833 1089 1048 1143 modum
1069 1091 1408 1155 peccatorem
1436 1080 1686 1136 eil‘ectum
1723 1080 1898 1148 ipsum

321 1188 625 1254 peccatum,
672 1180 740 1236 de
776 1179 931 1249 cujus
978 1188 1206 1245 persona
1234 1172 1473 1241 loquitur
1507 1186 1575 1227 ex
1617 1169 1899 1223 occasione

321 1273 559 1328 mandati
578 1287 592 1326 :
610 1271 787 1325 minus
808 1269 953 1325 enim
974 1263 1181 1337 peccati
1205 1271 1306 1327 est,
1337 1262 1383 1316 si
1409 1261 1461 1315 id
1488 1260 1632 1330 quod
1654 1274 1757 1315 non
1783 1273 1901 1329 pro-

323 1366 538 1420 hibetur
563 1363 846 1427 admittas;
871 1359 917 1415 si
941 1373 1071 1413 vero
1097 1357 1262 1411 vetita
1280 1362 1336 1409 et
1363 1353 1648 1408 interdicta
1675 1351 1901 1407 commi-

322 1460 460 1513 seris
489 1472 651 1528 supra
676 1455 917 1518 modum,
948 1460 1007 1505 ut
1036 1451 1112 1505 ita
1144 1449 1343 1510 dicam,
1365 1453 1618 1517 peccator
1642 1459 1730 1508 es,
1772 1443 1899 1513 quia

323 1563 429 1604 non
466 1549 636 1604 solum
675 1544 1029 1609 commisisti,
1082 1541 1225 1612 quod
1270 1530 1376 1593 non
1422 1537 1675 1603 debuisti,
1725 1536 1820 1591 sed
1848 1543 1903 1591 et

321 1650 646 1713 praeceptum
674 1639 1057 1709 praevaricatus
1082 1651 1160 1690 es.
1202 1633 1357 1701 Quod
1412 1639 1589 1685 autem
1627 1630 1859 1683 diximus
1882 1668 1898 1693 ,

319 1743 587 1807 peccatum
616 1740 877 1803 peccator,
921 1728 1206 1784 maluimus
1249 1725 1443 1779 vitium
1469 1720 1766 1778 'sérmonis
1817 1734 1902 1774 re-

320 1827 502 1895 cipere
549 1839 711 1894 quam
763 1837 981 1877 sensum
1032 1817 1270 1887 Apostoli
1319 1831 1425 1870 non
1467 1815 1701 1881 integre.
1721 1812 1903 1882 expri-

2000 618 2260 672 viticans:
2291 619 2382 687 qui
2415 634 2544 673 vero
2594 618 2885 673 carnaliter
2932 618 3018 672 lex
3064 617 3277 682 litterae,
3308 629 3362 671 et
3393 617 3573 671 littera

2000 709 2249 763 occidens
2281 724 2400 764 esse
2433 719 2780 765 memoratur.
2813 709 2963 776 Quod
2990 724 3119 765 vero
3154 710 3303 776 dicit,
3328 710 3439 781 Ege
3480 727 3575 764 au-

1999 808 2097 852 tem
2131 798 2357 852 carnalis
2406 815 2549 862 sum,
2583 800 2905 855 venundatus
2949 800 3043 855 sub
3082 810 3315 871 peccato,
3347 802 3435 856 hic
3460 800 3576 872 jam

2003 901 2255 960 tanquam
2298 892 2486 945 doctor
2518 891 2769 947 Ecclesiae
2792 909 3074 963 personam
3118 894 3171 949 in
3223 894 3572 965 semetipsum

2001 981 2222 1050 suscipit
2246 980 2597 1044 inﬁrmorum,
2614 994 2833 1053 propter
2856 985 3000 1054 quod
3018 992 3074 1040 et
3097 985 3224 1040 alibi
3250 985 3387 1040 dixit
3411 1003 3424 1039 :
3457 982 3571 1039 Fa-

2000 1085 2113 1129 ctus
2131 1092 2246 1129 sum
2276 1068 2497 1144 inﬁrmis
2517 1075 2777 1144 inﬁmus,
2792 1086 2851 1128 ut
2869 1078 3105 1147 inﬁrmos
3126 1079 3365 1132 lucrarer
3379 1076 3434 1149 (Ι
3446 1074 3570 1132 Cor.

2001 1161 2111 1233 1x).
2157 1165 2223 1218 Et
2269 1164 2357 1219 hic
2390 1177 2520 1234 ergo
2570 1163 2957 1221 inﬁrmioribus
3006 1168 3329 1238 quibusque,
3362 1168 3416 1223 id
3466 1174 3571 1233 est,

2001 1254 2327 1316 carnalibus,
2361 1262 2416 1309 et
2442 1254 2533 1324 qui
2565 1255 2664 1309 sub
2700 1264 2924 1324 peccato
2963 1259 3253 1313 venundati
3282 1266 3423 1321 sunt,
3456 1257 3575 1313 eili-

2002 1350 2145 1403 citur
2173 1347 2369 1403 Paulus
2400 1348 2653 1407 carnalis.
2679 1357 2735 1402 et
2764 1348 2864 1403 sub
2884 1359 3110 1418 peccato
3134 1352 3489 1415 venundatus,
3519 1359 3577 1408 et

2002 1439 2241 1509 loquitur
2259 1455 2320 1493 ea
2351 1454 2468 1507 quae
2514 1438 2619 1492 illis
2656 1438 2802 1509 loqui
2835 1440 3006 1496 moris
3032 1449 3135 1507 est,
3169 1441 3253 1495 vel
3274 1441 3578 1496 excusatio-

2002 1535 2088 1589 nis
2118 1535 2202 1588 vel
2234 1533 2655 1589 inexcusatiouis
2700 1535 2946 1589 obtentu.
2977 1534 3068 1590 Ait
3107 1549 3237 1605 ergo
3264 1534 3329 1589 de
3355 1549 3415 1589 se
3460 1543 3580 1587 tan-

2002 1642 2162 1696 quam
2200 1642 2266 1680 cx
2292 1641 2522 1695 persona
2561 1626 2774 1681 illorum
2815 1627 3039 1697 loquens
3069 1646 3082 1682 :
3121 1627 3230 1700 Ego
3259 1638 3434 1682 autem
3464 1643 3583 1681 car—
3682 1660 3695 1667 -

2004 1721 2139 1773 nalis
2168 1734 2304 1783 sum,
2332 1718 2656 1772 venundatus
2705 1718 2801 1772 sub
2847 1730 3077 1789 peccato,
3110 1719 3212 1773 hoc
3247 1726 3350 1783 est,
3388 1733 3583 1773 secun-

2004 1811 2129 1866 dum
2159 1825 2381 1864 carnem
2411 1809 2615 1874 vivens,
2648 1819 2702 1865 et
2725 1811 2778 1864 in
2810 1811 3015 1881 peccati
3044 1817 3363 1880 potestatem
3400 1808 3581 1863 libidi-

322 1933 501 1982 mcre,
554 1916 679 1985 quia
749 1915 802 1968 in
864 1913 1055 1966 Latino
1119 1923 1370 1965 sermone
1444 1907 1753 1978 angustavit
1802 1920 1901 1959 nos
1931 1906 2090 1975 Bnis
2139 1912 2192 1960 ct
2230 1904 2678 1974 concupiscentiae
2711 1903 2887 1974 pretio
2941 1906 3210 1959 redactus.
3244 1902 3426 1975 (Aug.)
3466 1900 3583 1957 Sci—

319 2024 515 2063 nomen
544 2007 772 2077 peccati,
824 2005 965 2074 quod
1010 2012 1205 2058 neutro
1232 2014 1429 2072 genere
1474 1998 1796 2062 declinatur,
1844 1997 1898 2051 in

271 2087 287 2102 ’
320 2098 509 2155 Graeco
532 2112 661 2152 vero
684 2096 999 2150 femininum
1024 2101 1131 2159 est,
1162 2101 1217 2147 et
1240 2092 1362 2147 ideo
1407 2096 1744 2160 peccatorem
1776 2103 1899 2141 eum

322 2206 421 2244 nos
449 2188 855 2258 appellavimus,
875 2201 1000 2239 nam
1028 2184 1102 2239 ibi
1126 2183 1399 2254 peccatrix
1426 2180 1679 2251 appellari
1702 2188 1896 2249 potest.

392 2280 598 2335 Scimus
644 2289 849 2342 autem,
891 2278 1016 2347 quia
1045 2275 1151 2347 ‘lex
1178 2274 1431 2346 spiritalis
1477 2283 1574 2339 est,
1619 2289 1711 2343 ego
1763 2273 1901 2326 enim

270 2412 291 2420 ..
321 2369 551 2424 carnalis
586 2385 724 2434 sum,
752 2366 1081 2423 venundatus
1127 2367 1221 2421 sub
1267 2375 1498 2437 peccato.
1535 2364 1719 2435 (Aug.)
1750 2363 1902 2430 Quod

256 2456 279 2521 ἶ
322 2470 501 2526 autem
530 2461 625 2527 ait,
650 2459 973 2516 venundatus
1001 2475 1117 2514 sum
1135 2467 1365 2529 peccato,
1390 2456 1793 2527 intelligendum
1819 2464 1906 2510 est

250 2554 255 2557 ’
294 2537 466 2625 ίὶῖἰιοίι
501 2555 866 2623 unusquisque
913 2550 1185 2621 peccando
1220 2550 1457 2604 animam
1492 2555 1649 2603 suam
1686 2546 1902 2601 diabolo

254 2638 277 2667 "
323 2644 527 2708 vendit,
550 2653 770 2713 accepta
807 2654 1061 2712 tanquam
1104 2642 1276 2711 pretio
1323 2640 1604 2696 dulcedine
1637 2652 1904 2710 tempora-

260 2765 279 2793 μς
325 2738 390 2791 lis
424 2726 732 2807 voluptatis.
767 2736 918 2792 Unde
957 2744 1012 2791 et
1037 2735 1295 2790 Dominus
1338 2734 1666 2803 Redemptor
1720 2741 1905 2787 noster

322 2827 500 2884 dictus
526 2835 630 2894 est,
677 2828 804 2897 quia
850 2828 953 2882 hoc
1003 2826 1162 2882 modo
1187 2841 1332 2896 ,quo
1359 2825 1559 2880 dictum
1610 2833 1730 2889 est,
1778 2839 1906 2879 ven-

252 2958 265 2973 .
323 2914 704 2973 ditieramus.
758 2916 986 2990 (Orig)
1032 2916 1090 2972 Si
1140 2917 1226 2970 cui
1275 2915 1415 2971 forte
1459 2916 1548 2970 illa
1597 2915 1900 2985 expositio,

321 3026 482 3079 quam
543 3013 606 3065 de
666 3010 845 3080 legum
910 3008 1225 3065 diversitate
1280 3009 1636 3073 tenebamus,
1698 3007 1905 3062 violen—

323 3109 406 3156 ter
452 3111 777 3172 praesumpta
832 3092 1141 3177 videbatur,
1206 3100 1452 3154 advertat
1502 3113 1648 3153 nunc
1699 3098 1755 3153 in
1798 3098 1903 3154 hoc

318 3191 554 3262 capitulo
580 3232 594 3257 ,
642 3193 908 3261 quomodo
957 3198 1077 3247 non
1112 3190 1284 3246 solum
1322 3190 1519 3261 legum,
1557 3190 1651 3245 sed
1687 3198 1742 3244 et
1779 3203 1899 3259 per-

2002 2016 2118 2052 mus
2146 1998 2304 2061 enim,
2336 1997 2528 2067 inquit,
2559 2000 2683 2067 quia
2706 1997 2789 2051 lea:
2832 1996 3085 2067 spiritalis
3112 2005 3220 2063 est,
3261 2013 3354 2067 ego
3407 2006 3583 2050 autem
3640 1993 3663 2003 ’

2002 2085 2388 2142 carnalissum.
2414 2086 2469 2140 ln
2499 2101 2606 2156 quo
2625 2087 2757 2142 satis
2787 2088 3023 2142 ostendit
3051 2103 3158 2143 non
3190 2102 3348 2158 posse
3372 2081 3584 2156 impleri

2002 2178 2195 2248 legem,
2217 2177 2319 2232 nisi
2360 2193 2391 2231 a
2439 2177 2791 2247 spiritalibus,
2818 2193 2906 2247 qui
2928 2193 3033 2233 non
3053 2179 3186 2233 (lunt
3217 2179 3318 2233 nisi
3339 2192 3437 2247 per
3458 2191 3585 2247 gra-

2002 2271 2134 2325 tiam
2167 2289 2179 2323 :
2204 2269 2432 2340 spiritali
2455 2269 2598 2323 enim
2628 2268 2730 2339 legi
2764 2276 2965 2337 quanto
2991 2268 3051 2323 ﬁt
3071 2268 3300 2338 quisque
3329 2266 3580 2331 similior,

2002 2363 2057 2417 id
2082 2370 2183 2426 est,
2209 2368 2413 2431 quanto
2437 2362 2609 2431 magis
2644 2370 2699 2414 et
2724 2361 2837 2430 ipse
2880 2360 2932 2413 in
2962 2359 3259 2430 spiritalem
3293 2348 3469 2429 surgit
3497 2356 3581 2411 af-

2003 2454 2224 2518 fectum,
2264 2462 2414 2508 tanto
2440 2453 2612 2522 magis
2640 2467 2760 2507 eam
2790 2450 2979 2522 implet
3017 2468 3031 2506 :
3080 2451 3205 2521 quia
3236 2459 3441 2520 quanto
3467 2464 3583 2503 ma-

2004 2545 2085 2617 gis
2131 2559 2193 2599 ea
2231 2543 2527 2599 delectatur
2563 2541 2676 2611 jam
2723 2557 2831 2596 non
2878 2543 2977 2597 sub
3029 2542 3146 2613 ejus
3186 2542 3403 2597 nomine
3448 2538 3587 2596 aﬂli-

2005 2646 2125 2692 ctus
2155 2676 2170 2703 ,
2215 2635 2310 2691 sed
2365 2633 2481 2703 ejus
2537 2633 2738 2688 lumine
2790 2640 3106 2705 vegetatus,
3160 2631 3400 2705 (Hier.)
3458 2632 3587 2702 quia

2003 2737 2317 2800 praeceptum
2379 2725 2592 2780 Domini
2636 2725 2869 2779 lucidum
2921 2734 2996 2779 est
3047 2724 3358 2780 illuminans
3408 2722 3589 2779 oculos

2007 2820 2188 2895 (Psat.
2233 2821 2422 2894 xvm);
2461 2830 2517 2875 et
2557 2839 2571 2874 :
2624 2819 2732 2874 Lex
2779 2820 2993 2875 Domini
3041 2818 3414 2885 immaculata,
3465 2834 3590 2872 con-

2006 2914 2491 2978 vertens‘animas,
2547 2910 2764 2983 (Ibid.)
2819 2912 2990 2982 gratia
3045 2910 3280 2965 donante
3325 2917 3587 2980 peccata,

2005 3011 2061 3059 et
2117 3002 2435 3058 infundente
2505 3002 2755 3074 spiritum
2824 3002 3145 3067 charitatis,
3210 3017 3318 3073 quo
3372 3012 3428 3056 et
3479 3015 3590 3056 non

2006 3094 2078 3149 sit
2124 3094 2388 3150 modestia
2448 3102 2503 3148 et
2552 3094 2624 3147 sit
2660 3093 2822 3147 etiam
2875 3092 3112 3164 jucunda
3165 3092 3395 3164 justitia.
3441 3090 3591 3147 Scri-

2006 3199 2156 3261 ptum
2194 3199 2295 3251 «εει
2360 3188 2414 3243 in
2479 3187 2737 3243 Malachia
2788 3204 2801 3241 :
2855 3186 3167 3243 Mementote
3238 3185 3365 3257 legis
3419 3182 3593 3255 Moysi

320 3298 573 3337 sonarum
625 3284 913 3338 diversitas
950 3282 1328 3337 introducitur.
1368 3281 1503 3334 Nam
1543 3279 1763 3345 Paulus,
1807 3279 1900 3349 qui
1929 3258 1974 3320 Ο
2006 3285 2142 3338 servi
2184 3283 2321 3346 mei,
2362 3297 2519 3351 quam
2562 3279 2807 3333 mandavi
2849 3282 2895 3333 ei
2937 3280 2992 3333 in
3038 3277 3213 3333 Horeb
3256 3277 3325 3332 ad
3386 3291 3593 3331 omnem

323 3376 377 3430 in
421 3375 540 3452 aliis
570 3375 706 3429 dixit
734 3374 819 3445 α]
847 3374 970 3428 Cor.
1000 3374 1086 3442 x),
1129 3373 1255 3426 Non
1300 3373 1435 3426 enim
1469 3372 1752 3426 secundum
1783 3388 1901 3424 car-

322 3482 441 3519 nem
482 3467 721 3531 vivimus,
767 3466 855 3519 sed
900 3465 1184 3519 secundum
1232 3481 1442 3519 carnem
1494 3463 1815 3527 militamus,
1848 3463 1902 3517 in

322 3554 575 3625 praesenti
626 3555 745 3609 loco
798 3554 930 3609 dicit
972 3570 1032 3609 se
1072 3548 1192 3610 eSse
1234 3543 1540 3618 carnalem,
1586 3562 1640 3607 et
1688 3554 1775 3608 hic
1804 3555 1903 3610 sub

323 3653 548 3714 peccato
567 3646 767 3701 dicitse
782 3660 901 3701 esse
916 3645 1309 3711 venundatum
1335 3646 1425 3714 qui
1450 3645 1504 3698 in
1529 3645 1649 3699 aliis
1671 3646 1901 3711 dixerat,

328 3732 506 3788 Prelio
535 3737 689 3805 empti
723 3737 845 3789 estis
882 3734 933 3807 (Ι
975 3733 1099 3789 Cor.
1126 3734 1259 3805 vn);
1290 3746 1344 3790 et
1389 3735 1582 3789 iterum
1619 3752 1631 3787 ε
1663 3731 1903 3788 Christus

327 3841 419 3879 nos
444 3824 657 3878 redemit
690 3823 834 3897 (Gal.
859 3825 980 3897 ut);
1006 3833 1061 3879 et
1090 3841 1308 3879 rursum
1339 3826 1393 3879 in
1416 3825 1537 3879 aliis
1566 3825 1701 3879 dixit
1730 3843 1742 3878 :
1774 3824 1903 3880 Vivo

325 3924 496 3968 autem
522 3914 640 3985 jam
668 3932 771 3970 non
808 3931 934 3986 ego;
961 3916 1079 3971 vivit
1101 3926 1275 3969 autem
1302 3917 1358 3970 in
1387 3932 1467 3969 me
1493 3914 1730 3969 Christus
1759 3912 1902 3987 (Cal.

327 4008 423 4072 n);
464 4014 519 4061 et
544 4007 759 4072 iterum,
804 4008 897 4077 qui
920 4008 995 4063 ait
1026 4023 1040 4062 :
1071 4008 1294 4079 Propter
1320 4010 1696 4063 inhabitantem
1728 4010 1902 4079 Spiri-

326 4107 435 4150 tum
469 4097 583 4167 ejus
608 4099 663 4151 in
705 4098 848 4152 nobis
873 4097 1051 4170 (Rom.
1077 4099 1230 4169 vni);
1254 4115 1400 4155 nunc
1420 4099 1551 4154 dicit
1578 4118 1591 4153 :
1622 4098 1762 4166 Quia
1802 4116 1907 4154 non

325 4188 525 4242 habitat
548 4191 603 4242 in
630 4207 728 4255 me,
759 4191 855 4244 hoc
893 4199 990 4257 est,
1016 4193 1073 4245 in
1098 4208 1255 4247 carne
1284 4209 1399 4248 mea
1429 4193 1658 4259 bonum;
1686 4194 1828 4264 quod
1858 4193 1903 4248 si

326 4295 432 4333 non
456 4282 735 4337 habitabat
768 4284 821 4337 in
850 4298 1017 4339 carne
1038 4285 1157 4354 ejus
1196 4286 1415 4349 bonum,
1447 4288 1719 4357 quomodo
1747 4286 1901 4355 dicit,

327 4373 452 4442 quia
503 4389 699 4443 corpus
724 4384 970 4429 nostrum
1011 4378 1268 4445 templum
1308 4386 1391 4434 est
1420 4378 1517 4433 Dei
1546 4389 1601 4434 et
1642 4381 1904 4451 templum

329 4463 562 4532 Spiritus
598 4468 810 4521 sancti?
832 4468 938 4523 Sed
959 4476 1013 4522 et
1035 4477 1231 4525 caetera
1256 4471 1312 4526 in
1340 4471 1538 4541 quibus
1562 4473 1849 4529 confitetur
1872 4489 1904 4528 a

329 4554 462 4623 lege,
509 4572 630 4625 qua:
676 4557 729 4610 iu
782 4560 1036 4613 membris
1084 4562 1197 4616 suis
1241 4572 1345 4625 est,
1382 4573 1436 4618 et
1487 4576 1747 4634 repugnat
1796 4566 1901 4635 legi

328 4646 524 4699 mentis
578 4663 708 4713 suae,
753 4651 1024 4718 captivum
1092 4667 1151 4708 se
1216 4653 1343 4711 duci
1392 4655 1447 4710 in
1495 4657 1614 4727 lege
1669 4660 1903 4727 peccati,

329 4738 596 4804 quomodo
637 4741 945 4810 apostolicae
973 4745 1296 4801 convenient
1325 4747 1602 4819 dignitati,
1646 4758 1701 4804 et
1739 4749 1904 4806 Paulo

328 4830 616 4899 pnecipue,
644 4831 697 4886 in
734 4848 840 4902 quo
884 4833 1131 4891 Christus
1159 4847 1214 4891 et
1239 4839 1374 4893 vivit
1401 4848 1456 4895 et
1494 4839 1762 4910 loquitur?
1796 4842 1903 4897 Sed

329 4917 642 4990 colligamus
664 4938 732 4976 ex
758 4922 862 4989 his,
894 4926 1163 4993 quomodo
1193 4927 1359 4983 moris
1397 4936 1479 4982 est
1506 4927 1801 4999 Scriptura:
1823 4931 1903 4986 di-

329 5009 464 5063 vinze
479 5019 532 5065 et
551 5026 810 5080 personas
830 5012 1079 5080 latenter,
1109 5024 1163 5069 et
1188 5032 1292 5080 res,
1310 5025 1364 5071 et
1390 5032 1603 5085 causas,
1629 5021 1696 5075 de
1708 5021 1903 5089 quibus

330 5100 505 5155 dicere
527 5102 755 5167 videtur,
772 5112 826 5156 ct
856 5104 1072 5158 nomina
1093 5115 1443 5172 commutare,
1476 5108 1587 5163 imo
1609 5110 1790 5178 potius
1810 5111 1902 5166 iis-

329 5193 446 5247 dem
468 5195 773 5250 nominibus
794 5196 847 5250 in
867 5196 986 5253 aliis
1012 5206 1172 5267 atque
1187 5198 1305 5254 aliis
1328 5200 1488 5255 rebus
1507 5201 1606 5267 uti,
1621 5209 1679 5255 ut
1698 5202 1751 5255 in
1766 5217 1904 5271 pra:-

331 5285 466 5359 senti
478 5285 596 5341 loco
607 5288 681 5341 ait
698 5287 985 5359 Apostolus
1001 5307 1013 5343 :
1034 5287 1238 5344 Scimus
1255 5291 1393 5344 enim
1410 5293 1534 5361 quia
1548 5290 1632 5346 lex
1647 5294 1899 5363 spiritalis

2003 3374 2175 3429 Israel
2224 3383 2478 3444 prrrcepta
2508 3381 2554 3425 et
2579 3371 2787 3441 judicia
2816 3369 3192 3443 (Malach.1v).
3244 3369 3590 3436 Mementote,

2006 3466 2213 3536 inquit,
2275 3467 2409 3536 legis
2458 3465 2626 3537 Moysi
2676 3465 2820 3520 servi
2877 3466 3004 3532 mei,
3061 3480 3223 3535 quam
3271 3466 3322 3521 ei
3369 3464 3492 3521 dedi
3533 3466 3591 3520 in

2004 3568 2188 3614 monte
2235 3557 2434 3625 Horeb,
2468 3557 2559 3626 qui
2591 3564 2676 3613 est
2718 3556 2871 3621 Sina,
2901 3558 2969 3612 ad
2989 3573 3206 3612 omnem
3244 3557 3413 3613 Israel
3456 3573 3595 3628 pra:-

2006 3657 2163 3719 cepta
2215 3655 2272 3703 et
2316 3647 2535 3717 judicia,
2572 3648 2785 3704 dicente
2841 3659 3020 3703 autem
3055 3649 3332 3719 Apostolo,
3378 3648 3591 3703 Scimus

2003 3738 2129 3807 quia
2154 3735 2237 3790 lea:
2248 3736 2500 3806 spiritalis
2524 3747 2620 3791 est.
2652 3736 2720 3791 Et
2744 3738 2935 3793 beatus
2958 3736 3128 3794 David
3156 3757 3169 3792 :
3202 3735 3387 3792 Revela
3416 3738 3593 3793 oculos

2006 3841 2146 3879 meos
2177 3835 2225 3879 et
2277 3824 2614 3879 considerabo
2651 3826 2915 3881 mirabilia
2943 3836 3035 3882 tua
3069 3828 3134 3881 de
3161 3827 3269 3898 lege
3294 3836 3387 3881 tua
3415 3824 3588 3897 (Psal.

2006 3920 2215 3993 cxvm),
2229 3930 2283 3976 et
2294 3922 2418 3991 quia
2432 3922 2749 3991 spiritaliter
2767 3936 2953 3978 omnes
2968 3924 3188 3978 caeleste
3203 3939 3399 3977 manna
3413 3937 3596 3978 come-

2009 4014 2225 4077 debant,
2260 4022 2315 4070 et
2331 4016 2615 4070 universus
2640 4015 2867 4085 p0pulus
2890 4015 3056 4071 Israel
3069 4017 3134 4071 de
3148 4015 3337 4071 eadem
3365 4012 3593 4086 spiritali

2010 4113 2066 4159 et
2093 4112 2352 4173 sequente
2407 4119 2502 4159 eos
2547 4105 2806 4161 bibebant
2861 4115 3034 4175 petra,
3060 4116 3208 4176 petra
3258 4116 3434 4162 autem
3478 4115 3594 4161 erat

2007 4194 2244 4250 Christus
2275 4194 2324 4265 (1
2340 4191 2461 4249 Cor.
2479 4195 2558 4265 x).
2588 4193 2688 4262 Qui
2714 4196 2941 4251 credunt
2959 4196 3012 4251 in
3038 4195 3254 4253 Christo
3279 4197 3596 4268 spiritaliter

2009 4288 2207 4349 debent
2235 4287 2367 4359 legis
2393 4296 2663 4358 praecepta
2699 4303 2919 4344 servare
2954 4304 3075 4360 quae
3102 4289 3249 4345 dedit
3276 4290 3331 4344 in
3386 4288 3590 4355 Horeb,

2008 4379 2151 4449 quod
2184 4380 2572 4449 interpretatur
2594 4381 2802 4435 siccitas
2819 4421 2834 4447 ,
2859 4396 2955 4451 per
2983 4397 3144 4451 quam
3173 4383 3412 4437 omnium
3432 4382 3595 4436 vitio-

2008 4486 2129 4525 rum
2180 4472 2373 4525 bumor
2414 4472 2756 4541 excoquitur,
2783 4480 2840 4528 et
2865 4472 2933 4526 ad
2964 4472 3146 4529 radios
3191 4472 3320 4528 solis
3364 4472 3593 4544 justitia:

2010 4560 2248 4616 libidinis
2270 4561 2493 4616 rheuma
2515 4563 2765 4617 siccatur.
2790 4562 2989 4635 (Amb.)
3022 4562 3218 4634 Legem
3244 4578 3374 4634 ergo
3421 4562 3590 4634 Moysi

2010 4654 2310 4724 spiritalem
2340 4663 2519 4719 vocat,
2549 4671 2668 4725 qua:
2694 4655 2820 4709 data
2847 4665 2931 4712 est
2957 4657 3012 4711 in
3048 4658 3265 4723 tabulis,
3301 4672 3420 4727 qua:
3465 4656 3589 4726 quia

2010 4758 2240 4813 peccare
2259 4744 2507 4813 prohibet
2526 4744 2781 4814 Spiritalis
2801 4754 2912 4812 est;
2937 4746 3133 4816 quippe
3168 4762 3290 4801 cum
3306 4745 3590 4800 invisibilia

2009 4834 2293 4908 [visibilia]
2323 4847 2378 4892 et
2409 4837 2647 4893 carnalia
2674 4838 2778 4894 coli
2807 4839 3114 4910 prohibeat.
3172 4838 3298 4895 Hazc
3339 4840 3408 4895 ad
3441 4854 3590 4895 com-

2012 4928 2412 4984 mendationem
2441 4929 2573 5000 legis
2597 4930 2886 5000 pertinent,
2918 4944 2987 4984 ne
3008 4928 3164 5000 culpa
3188 4931 3351 5000 digna
3368 4938 3590 5001 putare-

2012 5031 2119 5089 tur,
2150 5025 2276 5093 quia
2306 5024 2647 5080 severitatem
2677 5022 2921 5079 exercuit
2952 5023 3006 5079 in
3042 5032 3386 5094 peccatores:
3419 5022 3594 5077 homi-

2008 5132 2133 5172 nem
2160 5126 2340 5171 autem
2370 5115 2640 5170 carnalem
2668 5114 2920 5185 appellat,
2943 5114 3069 5169 dum
3090 5122 3299 5184 peccat.
3338 5111 3592 5167 Venditus

2006 5211 2101 5264 sub
2124 5220 2358 5280 peccato.
2396 5208 2509 5262 Hoc
2545 5216 2629 5262 est
2667 5207 2944 5262 venditum
2980 5222 3099 5262 esse
3127 5206 3226 5262 sub
3254 5214 3499 5277 peccato,
3522 5221 3589 5262 ex

2005 5307 2176 5360 Adam
2208 5305 2300 5374 qui
2332 5305 2483 5374 prior
2526 5303 2773 5372 peccavit
2801 5302 3065 5374 originem
3095 5302 3335 5369 trahere,
3381 5312 3437 5357 et
3464 5317 3592 5373 pro-

330 5382 436 5439 εεεί
466 5374 568 5431 hoc
594 5377 933 5461 adhuclquod
958 5380 1130 5445 dixit.
1160 5380 1368 5436 Scimus
1387 5381 1512 5452 quia
1539 5381 1625 5436 lex
1647 5384 1898 5453 spiritalis
2000 5399 2118 5470 prio
2140 5397 2332 5453 delicto
2358 5394 2659 5465 subjectum
2689 5394 2803 5449 ﬁeri
2834 5402 3075 5464 peccato,
3110 5394 3250 5449 sicut
3275 5395 3405 5450 dicit
3427 5394 3592 5450 Isaias

331 5476 424 5534 est,
456 5472 748 5539 apostolica
776 5476 1095 5530 auctoritate
1119 5477 1450 5547 pronuntiat.
1474 5476 1591 5533 Non
1616 5480 1762 5533 enim
1796 5480 1901 5534 scit

333 5560 499 5632 legem
524 5566 816 5635 spiritalem
835 5553 968 5625 esse.
982 5572 1073 5641 qui
1098 5573 1329 5628 carnalis
1354 5581 1457 5640 est,
1487 5582 1541 5629 et
1567 5575 1666 5629 sub
1686 5582 1908 5644 peccato

334 5653 665 5709 venundatus
690 5667 772 5709 est
798 5676 813 5710 :
839 5661 933 5714 sed
975 5663 1068 5730 qni
1117 5664 1279 5720 habet
1312 5665 1366 5719 in
1394 5680 1452 5720 se
1497 5664 1758 5734 Spiritum
1789 5664 1905 5731 Dei,

335 5742 423 5801 ille
447 5744 551 5802 scit
573 5745 696 5815 quia
721 5745 977 5815 spiritalis
1014 5762 1117 5804 εει.
1148 5752 1301 5816 Quod
1329 5756 1394 5809 de
1424 5754 1594 5824 Moysi
1624 5755 1741 5827 lege
1778 5771 1909 5810 con-

338 5835 480 5904 venit
511 5836 751 5903 dictum;
784 5837 899 5906 ipsa
942 5854 1174 5909 namque
1231 5850 1316 5897 est
1362 5859 1483 5913 quae
1533 5844 1584 5900 ei
1647 5845 1740 5914 qui
1797 5847 1908 5917 spi-

2008 5487 2308 5556 propheta:
2347 5484 2555 5539 Venditi
2627 5486 2765 5547 estis,
2840 5484 3033 5553 inquit,
3106 5483 3329 5552 peccatis
3409 5482 3589 5536 vestris

2011 5577 2235 5649 (Iram).
2269 5576 2440 5631 Adam
2497 5576 2643 5629 enim
2672 5574 2911 5629 vendidit
2945 5589 3005 5630 se
3046 5574 3214 5644 prior,
3247 5588 3311 5628 ac
3333 5586 3430 5642 per
3485 5572 3589 5628 hoc

2009 5682 2169 5721 omne
2198 5680 2382 5720 semen
2431 5664 2548 5733 ejus
2586 5664 2883 5734 subjectum
2913 5673 2997 5719 est
3032 5671 3274 5733 peccato.
3310 5660 3585 5726 Quamob-

2010 5771 2125 5811 rem
2156 5755 2428 5810 inﬁrmum
2465 5769 2584 5810 esse
2610 5754 2879 5809 hominem
2908 5753 2976 5807 ad
3004 5759 3271 5822 pracepta
3297 5750 3429 5819 legis
3465 5765 3584 5804 ser-

2012 5847 2210 5913 vanda,
2235 5846 2341 5902 nisi
2364 5845 2562 5903 divinis
2598 5846 2812 5903 auxiliis
2839 5845 3131 5901 muniatur.
3171 5841 3308 5898 Hinc
3331 5851 3415 5898 est
3442 5842 3583 5906 unde

3702 5950 3753 5991 Ir
3756 5950 3785 5951 ἐ
