4000 6398
293 365 450 422 1429

842 345 1386 418 ENARRATIONUM
1422 356 1489 414 IN
1527 357 1675 414 EPP.
1718 353 1923 412 PAULI
1961 353 2088 410 LlB'.
2128 349 2217 426 tv.
2254 385 2326 394 —
2360 350 2428 408 IN
2465 343 2680 408 EPIST.
2718 351 2810 407 AD
2846 351 3010 409 non.

3413 343 3556 410 1430

295 490 496 538 tamen
526 481 707 550 potest
733 471 874 532 bona
901 475 1064 530 rebus
1093 479 1148 528 et
1199 473 1450 544 operibus
1476 473 1753 535 obtinere;
1800 472 1884 523 est
1911 467 1961 530 Α
1987 465 2093 533 dia,
2125 473 2309 521 sancta
2342 464 2578 534 justitia,
2607 481 2727 536 qua:
2773 465 2953 520 omnia
3001 464 3056 519 in
3101 463 3344 536 apostolo
3389 461 3560 522 Paulo

238 559 249 568 ν
294 571 458 627 eriim
486 559 610 625 talis
635 557 880 638 quadam
927 556 1220 620 infirmitas
1243 565 1298 618 in
1335 553 1450 628 bis:
1465 563 1557 634 qui
1589 562 1742 618 initia
1763 572 1889 617 con-

289 658 634 717 versationis
667 655 937 727 accipiant
961 659 1015 710 et
1049 663 1170 711 cum
1197 653 1327 708 velit
1355 655 1477 723 quis
1504 654 1684 708 statim
1708 652 1890 708 facere

295 761 472 807 omne
499 747 642 819 quod
691 743 892 804 bonum
934 753 1041 811 est,
1070 755 1176 800 non
1216 745 1397 800 statim
1447 744 1774 799 voluntatem
1794 759 1888 801 .se-

297 847 510 914 quatur
551 837 792 897 allectus.
850 837 998 905 Nam
1047 843 1103 894 et
1156 838 1446 894 meditatur
1497 837 1637 906 apud
1694 842 1890 891 semet-

299 937 510 1006 ipsum,
541 930 802 997 dedernit,
840 923 990 986 verbi
1021 941 1205 996 causa,
1245 938 1305 984 ut
1351 945 1456 984 non
1506 931 1793 994 irascatur,
1835 936 1892 984 et

297 1025 417 1082 hoc
465 1023 519 1080 in
563 1021 834 1078 voluntate
883 1021 1090 1076 definit.
1129 1020 1234 1076 Sed
1267 1021 1521 1090 quoniam
1565 1021 1722 1091 longo
1763 1035 1883 1085 usu,

300 1125 366 1173 et
389 1115 773 1172 consuetudine
808 1113 1038 1178 diutina,
1071 1111 1257 1165 vitium
1303 1109 1356 1165 in
1379 1125 1444 1165 eo
1477 1109 1767 1166 iracundia:
1787 1111 1886 1165 do-

303 1209 577 1264 minatum
607 1209 707 1270 est,
739 1205 968 1261 obsistat
1005 1205 1168 1258 etiam
1203 1203 1469 1258 voluntati
1504 1209 1561 1257 et
1587 1203 1884 1273 proposito,

301 1313 376 1353 ac
417 1297 573 1352 solito
601 1293 704 1351 sibi
733 1306 826 1350 usa
855 1296 1048 1349 itinere
1078 1293 1158 1347 vis
1179 1291 1377 1348 furoris
1406 1293 1658 1360 erumpit.
1687 1290 1889 1346 Simili-

304 1399 398 1444 ter
427 1390 537 1460 agit
568 1389 622 1444 et
650 1387 886 1444 libidinis
919 1387 1129 1440 vitium.
1155 1385 1281 1439 Pari
1307 1394 1520 1454 quoque
1547 1383 1888 1438 consuetudi-

303 1480 398 1534 nis
447 1479 658 1542 morbo,
689 1485 743 1534 et
780 1477 1115 1532 mendacium
1147 1475 1399 1544 subripit,
1441 1474 1670 1529 formido
1713 1475 1888 1528 deter-

304 1577 418 1635 ret,
445 1568 577 1624 etin
609 1562 694 1624 bis
719 1564 942 1639 singulis
973 1565 1074 1622 iste
1115 1567 1204 1636 qui
1230 1567 1343 1637 jam
1385 1566 1537 1620 initia
1582 1566 1892 1621 conversio-

306 1659 402 1716 nis
454 1657 668 1731 accipit,
731 1668 1102 1730 competenter
1148 1659 1307 1713 dicit:
1347 1659 1470 1729 quia
1515 1658 1643 1713 belle
1681 1659 1889 1728 adjacet

303 1749 462 1818 mihi,
523 1753 769 1822 perﬁcere
821 1761 992 1806 autem
1045 1753 1236 1806 bonum
1284 1768 1390 1806 non
1446 1753 1676 1806 invenio.
1757 1751 1886 1806 Non

1992 555 2214 626 ejusque
2239 555 2581 611 consertibus
2633 556 2704 610 ita
2732 553 2888 626 plena
2941 559 3102 625 atque
3133 554 3374 625 perfecta
3395 553 3562 612 fuisse

1990 663 2096 703 non
2137 647 2354 703 dubium
2383 655 2488 714 est,
2521 651 2578 702 ut
2623 646 2881 702 virtutum
2929 645 3127 717 potius,
3159 661 3318 718 quam
3372 650 3564 705 verbo-

1990 754 2109 792 rum
2145 739 2452 810 magisterio
2479 737 2547 792 ab
2567 737 2648 794 eis
2685 737 2872 809 religio
2897 733 3201 792 doceretur.
3250 729 3388 804 Quid
3419 737 3563 808 quod

1983 828 2097 900 jugi
2151 829 2500 884 ecclesiarum
2553 831 2791 890 omnium
2847 845 2996 893 cura,
3041 845 3105 884 ac
3153 826 3396 900 pervigili
3452 829 3564 885 sol-

1988 921 2268 976 licitudine
2321 937 2536 992 semper
2575 923 2751 977 exusti
2804 923 3259 994 sunthuantum
3310 921 3410 978 hoc
3461 924 3562 978 mi-
3657 986 3665 994 ν

1990 1015 2298 1069 sericordiae
2327 1013 2566 1073 inuam?
2593 1019 2804 1108 quanta
2827 1014 3089 1084 perfectio
3131 1022 3234 1080 est,
3263 1029 3360 1085 pro
3398 1027 3564 1070 scan-

1991 1106 2344 1164 dalizantibus
2372 1111 2472 1174 uri,
2500 1125 2621 1164 cum
2651 1102 3049 1165 inﬁrmantibus
3077 1105 3379 1165 inﬁrmari?
3427 1102 3563 1166 Cum

1989 1211 2118 1268 ergo
2148 1199 2312 1252 tantis
2340 1197 2625 1267 Apostolus
2661 1193 3013 1253 abundaverit
3039 1199 3214 1264 donis,
3254 1199 3382 1271 quid
3431 1197 3566 1254 illud

1988 1296 2072 1345 est
2098 1289 2223 1344 boni
2271 1289 2421 1358 cuius
2452 1285 2783 1360 perfectione
2828 1290 3084 1355 caruerit,
3117 1307 3226 1344 non
3269 1292 3569 1360 poterimus

1991 1403 2300 1460 agnoscere,
2328 1389 2430 1442 nisi
2456 1388 2508 1442 iu
2533 1387 2701 1453 illum,
2719 1403 2823 1456 quo
2837 1388 2949 1457 ipse
2963 1385 3167 1440 locutus
3179 1393 3261 1441 est
3280 1381 3570 1455 profecerii

1989 1498 2110 1536 mus
2139 1479 2406 1534 affectum.
2445 1478 2642 1534 Omnes
2671 1479 2851 1548 itaque
2882 1493 3016 1548 quas
3044 1477 3276 1532 diximus
3319 1492 3442 1530 eum
3479 1476 3572 1530 ha-

1991 1572 2171 1628 buisse
2192 1571 2438 1633 virtutes,
2453 1569 2698 1638 quamvis
2714 1568 2858 1623 velut
2878 1583 3100 1638 gemma:
3128 1565 3572 1636 splendidissima:

1995 1677 2058 1717 ac
2085 1661 2336 1732 pretiosae
2353 1659 2483 1726 sint,
2503 1669 2678 1713 tamen
2703 1659 2745 1713 si
2764 1658 3022 1728 praeclaro
3039 1658 3111 1712 illi
3131 1666 3289 1728 atque
3303 1656 3572 1727 prrecipuo

1995 1753 2312 1824 margarito,
2351 1753 2490 1822 quod
2523 1749 2612 1807 ille
2660 1738 3004 1822 evangelicus
3050 1752 3348 1819 negotiator
3399 1749 3576 1820 inqui-

304 1843 449 1896 enim
475 1843 614 1914 quod
638 1842 752 1898 uolo
781 1843 968 1898 bonum
994 1843 1091 1896 hoc
1120 1859 1238 1912 ago,
1276 1845 1368 1896 sed
1395 1843 1533 1914 Quod
1559 1835 1894 1897 odi’maium
1921 1813 1970 1884 Β
1999 1813 2146 1910 rens:
2199 1843 2463 1898 universis
2525 1859 2644 1914 qua
2692 1844 2934 1912 possedit
2960 1843 3214 1907 venditis,
3256 1855 3571 1912 comparare

306 1931 449 1988 illud
489 1935 648 2004 facio.
683 1934 888 2007 (.tmb.)
922 1935 986 1988 Et
1035 1935 1330 1990 notandum
1377 1931 1520 2006 quod
1571 1951 1680 1992 non
1741 1937 1891 2003 dicit,

305 2026 452 2081 sicut
485 2026 803 2096 quibusdam
842 2025 1072 2092 videtur,
1105 2041 1324 2080 carnem
1360 2027 1576 2092 malam,
1610 2027 1701 2082 sed
1752 2030 1894 2098 quod

304 2116 518 2178 habitat
539 2119 591 2173 in
619 2129 781 2174 carne
802 2133 908 2173 non
936 2131 1056 2173 esse
1083 2119 1303 2182 bonum,
1332 2115 1424 2173 sed
1449 2133 1567 2174 esse
1586 2129 1891 2190 peccatum.

307 2207 590 2276 Quomodo
619 2209 828 2264 habitat
867 2211 921 2264 in
950 2225 1115 2265 carne
1159 2217 1464 2279 peccatum,
1493 2227 1614 2266 cum
1669 2227 1774 2266 non
1825 2212 1897 2267 sit

307 2301 611 2356 substantia
637 2302 728 2356 sed
755 2301 1124 2371 prmvaricatio
1150 2297 1427 2373 [privatio]
1445 2301 1607 2356 boni?
1628 2301 1894 2369 Quoniam

303 2390 470 2459 primi
498 2389 730 2446 hominis
753 2405 948 2460 corpus
967 2400 1278 2462 corruptum
1306 2397 1387 2446 est
1412 2399 1508 2462 per
1532 2401 1810 2462 peccatum
1835 2403 1894 2448 ut

302 2482 476 2554 possit
502 2481 718 2537 dissolvi
740 2498 752 2536 :
779 2484 892 2552 ipsa
906 2484 1112 2552 peccati
1136 2485 1409 2553 corruptio
1424 2499 1521 2555 per
1533 2479 1684 2540 condi
1695 2486 1890 2541 tionem

307 2567 832 2629 otl‘ensionis'manet
859 2574 911 2628 in
962 2586 1214 2644 corpore,
1269 2577 1436 2630 robur
1477 2581 1666 2632 tenens
1700 2577 1894 2632 divinae

309 2664 592 2718 sententiae
618 2665 758 2719 datae
800 2665 853 2718 in
881 2665 1054 2720 Adam
1095 2666 1237 2736 quod
1284 2670 1368 2722 est
1413 2665 1625 2736 Signum
1667 2667 1890 2730 diaboli.

304 2753 464 2824 cujus
503 2752 758 2808 instinctu
811 2755 1070 2824 peccavit.
1114 2753 1220 2809 Per
1269 2755 1321 2810 id
1363 2768 1491 2826 ergo
1553 2759 1695 2826 quod
1767 2759 1892 2814 facti

303 2857 471 2898 causa
501 2851 702 2908 manet,
732 2844 1036 2899 inhabitare
1079 2845 1278 2900 dicitur
1301 2855 1583 2916 peccatum
1627 2849 1676 2902 in
1703 2865 1890 2916 carne,

305 2934 378 2988 ad
403 2949 566 3004 quam
584 2935 828 2992 diabolus
858 2939 1065 2992 accedit
1095 2939 1248 3008 quasi
1291 2940 1359 2996 ad
1398 2951 1550 2997 suam
1600 2943 1791 3013 legem,
1840 2940 1894 3000 et

303 3035 492 3082 manet
523 3027 676 3096 quasi
727 3027 780 3081 in
807 3033 1033 3096 peccato
1082 3037 1386 3100 peccatum,
1438 3032 1563 3102 quia
1613 3048 1743 3090 caro
1776 3033 1893 3104 jam

297 3117 512 3188 peccati
531 3125 632 3184 est,
647 3128 707 3174 ut
725 3117 952 3192 decipiat
974 3121 1241 3176 hominem
1263 3123 1692 3194 suggestionibus
1715 3123 1889 3194 malis,

303 3225 376 3266 ne
423 3211 584 3266 homo
613 3205 772 3266 iaciat
799 3213 940 3280 quod
967 3214 1207 3284 praecipit
1225 3213 1330 3269 lex.
1352 3209 1507 3270 Nam
1529 3213 1654 3271 velle
1679 3217 1884 3287 adjacet

304 3301 457 3360 milli.
489 3300 622 3360 Tam
654 3307 791 3362 bona
829 3309 1044 3374 asserit,
1076 3321 1194 3380 quae
1221 3310 1377 3380 jubet
1413 3309 1500 3367 lex
1531 3319 1590 3366 ut
1617 3309 1882 3366 naturali-

306 3403 392 3450 ter
412 3394 516 3451 sibi
543 3395 986 3466 placeredicatet
1011 3397 1138 3454 velit
1164 3399 1362 3456 facere.
1398 3399 1654 3470 Per/icere
1702 3411 1879 3456 autem

310 3485 500 3542 bonum
541 3501 645 3544 non
676 3489 881 3544 invenio
901 3505 919 3542 :
969 3499 1022 3546 et
1070 3492 1248 3562 placet
1275 3508 1401 3564 ergo
1431 3493 1573 3564 quod
1603 3510 1634 3548 a
1663 3494 1782 3566 lege
1800 3493 1885 3563 ju-

308 3584 486 3648 betUr,
515 3590 572 3638 et
617 3584 865 3640 voluntas
903 3593 987 3640 est
1025 3584 1273 3650 faciendi,
1341 3588 1438 3643 sed
1466 3591 1526 3642 ut
1577 3584 1884 3659 impleatur,

309 3679 548 3744 potestas
582 3675 832 3730 etvirtus
866 3677 1046 3744 deest;
1091 3677 1214 3748 quia
1269 3679 1348 3734 sic
1396 3693 1616 3750 pressus
1659 3691 1743 3736 est
1791 3669 1888 3752 poé

314 3773 504 3820 testate
550 3763 774 3836 peccati,
823 3769 882 3820 ut
909 3783 1015 3822 non
1076 3769 1248 3839 possit
1286 3769 1365 3825 ire
1403 3787 1511 3841 quo
1535 3769 1674 3838 vult,
1709 3788 1886 3844 neque

315 3852 490 3912 valeat
540 3856 934 3924 contradicere,
989 3857 1135 3932 quia
1167 3861 1449 3931 potestatis
1478 3859 1593 3931 ejus
1641 3863 1777 3919 alter
1805 3874 1889 3920 est

316 3947 590 4004 Dominus.
641 3945 812 4002 Homo
840 3949 986 4003 enim
1023 3948 1136 4018 jam
1187 3951 1574 4008 consuetudine
1627 3953 1884 4025 peccandi

314 4041 585 4109 gravatur,
623 4043 677 4094 et
709 4038 918 4095 facilius
945 4037 1247 4097 succumbit
1287 4051 1532 4114 peccato,
1559 4060 1721 4115 quam
1757 4043 1916 4116 legi,-

315 4139 470 4198 quam
529 4129 632 4184 scit
671 4127 807 4184 bona
851 4127 1075 4196 docere;
1115 4139 1178 4187 ac
1227 4131 1270 4188 si
1315 4132 1444 4188 velit
1494 4129 1633 4189 bona
1685 4133 1884 4202 facere,

313 4220 507 4292 premit
537 4219 682 4275 illum
707 4223 1042 4278 consuetudo
1073 4265 1086 4289 ,
1122 4219 1367 4294 adiutore
1406 4225 1642 4282 inimico.
1683 4223 1886 4300 (Greg.)

315 4309 446 4367 Hinc
474 4307 526 4367 in
555 4310 655 4368 Job
677 4314 748 4368 ita
761 4313 1023 4384 scriptum
1053 4324 1136 4370 est
1160 4315 1300 4388 (Job.
1322 4318 1549 4389 xxxvm)
1576 4335 1589 4372 :
1623 4317 1700 4372 De
1735 4320 1888 4390 cujus

315 4414 457 4458 utero
497 4420 701 4475 egressa
745 4413 822 4460 est
839 4405 1030 4475 glacies
1049 4407 1076 4460 .’
1093 4417 1142 4462 et
1174 4409 1290 4478 gelu
1317 4409 1381 4464 de
1401 4409 1526 4464 coelo
1539 4411 1656 4481 quis
1677 4412 1891 4481 genuit?

1995 1935 2286 2001 desiderat,
2315 1933 2646 2001 conferatur,
2672 1934 2744 1988 ita
2777 1950 2962 1988 eorum
2993 1929 3247 1988 meritum
3302 1932 3570 1987 revilescit

1995 2039 2155 2098 atque
2181 2028 2565 2091 contemnitur,
2587 2036 2643 2081 ut
2671 2027 2751 2081 eis
2777 2027 2892 2080 sine
2929 2025 3272 2081 cunctatione
3299 2025 3575 2080 distractis

1993 2119 2154 2172 unius
2213 2123 2419 2172 tantum
2471 2118 2597 2172 boni
2651 2117 2914 2187 possessio
2960 2115 3249 2186 locupletet
3302 2117 3565 2172 bonorum

1995 2196 2466 2263 innumerabilium
2502 2207 2855 2263 venditorem.
2899 2205 3036 2272 Quid
3085 2221 3214 2277 ergo
3254 2211 3336 2260 est
3387 2222 3572 2270 unum,
3650 2250 3662 2262 .

1995 2305 2136 2375 quod
2179 2303 2284 2357 illis
2315 2301 2480 2356 tantis
2530 2309 2745 2371 tamque
2783 2299 3079 2355 innumeris
3129 2301 3283 2356 bonis
3327 2290 3435 2354 tam
3485 2301 3572 2355 in-

1995 2395 2433 2468 comparabiliter
2472 2404 2838 2464 praeponatur,
2897 2400 2956 2447 ut
3001 2394 3194 2462 spretis
3235 2391 3572 2464 abiectisque

1994 2486 2257 2551 erunibus,
2293 2488 2464 2542 solum
2494 2487 2683 2541 debeat
2710 2485 3007 2556 possideri?
3033 2485 3294 2540 Nimirum
3337 2486 3422 2540 illa
3439 2502 3571 2556 pars

1995 2582 2218 2651 optima,
2292 2566 2444 2647 cujus
2518 2575 2972 2648 magnificentiam
3032 2591 3097 2632 ac
3154 2575 3574 2646 perpetuitatem

1965 2689 2138 2737 -cu:n,
2175 2671 2360 2726 relicto
2411 2669 2771 2738 suseeptionis
2827 2678 2990 2740 atque
3061 2663 3416 2726 humanitatis
3457 2669 3573 2726 oili-

1994 2763 2101 2828 cio,
2145 2758 2310 2818 Maria
2367 2762 2741 2832 prwelegisset,
2780 2762 2850 2816 ita
2898 2751 3272 2832 praedicatura
3316 2763 3572 2819 Domino:

1995 2851 2225 2921 Martha,
2260 2854 2492 2920 Martha,
2522 2855 2743 2908 sollicita
2769 2872 2844 2919 es,
2869 2868 2917 2909 et
2954 2855 3180 2909 turbaris
3204 2847 3343 2908 circa
3385 2855 3574 2922 multa,

1993 2949 2175 3018 paucis
2220 2964 2335 3001 vero
2367 2965 2495 3016 opus
2526 2956 2616 3009 est,
2662 2958 2752 3001 aut
2793 2947 2951 3002 etiam
2985 2964 3108 3002 uno.
3175 2941 3348 3002 Maria
3389 2947 3576 3003 bonum

1990 3035 2290 3110 [Optimam]
2303 3049 2502 3108 purlcm
2524 3037 2693 3108 elegit,
2713 3055 2829 3110 qua:
2855 3055 2955 3092 non
2975 3038 3318 3108 aufereturab
3341 3057 3402 3092 ea
3422 3037 3572 3110 (Luc.

1917 3151 1964 3240 ὸ
1995 3132 2074 3194 x).
2099 3123 2214 3182 Una
2235 3145 2363 3200 ergo
2390 3137 2443 3184 et
2473 3129 2583 3184 sola
2613 3138 2696 3184 est
2727 3129 2958 3194 theoria,
2985 3127 3035 3210 id
3060 3139 3166 3194 est,
3196 3129 3577 3200 contemplatio

1994 3215 2086 3240 “-2
2147 3219 2219 3240 ,μὲ
2251 3221 2438 3240 _-__.!A-
2463 3219 2628 3240 -_-_!‘
2662 3219 3094 3240 2---.2l!_-a2.._____-
3125 3220 3306 3240 _--_!‘-
3359 3218 3547 3240 _-_.2__-_

1993 3215 2109 3283 Dei,
2137 3219 2222 3276 cui
2249 3221 2444 3274 merito
2456 3219 2634 3274 omnia
2655 3219 3100 3291 justiﬁcationum
3125 3220 3334 3285 merita,
3359 3218 3576 3275 univer—

1989 3327 2048 3367 sa
2083 3313 2342 3366 virtutum
2366 3309 2542 3364 studia
2583 3317 3001 3381 postponuntur,
3023 3319 3078 3364 et
3106 3310 3193 3364 illa
3218 3304 3433 3378 quidem
3457 3325 3574 3364 om-

1986 3405 2076 3458 nia
2093 3419 2211 3472 quae
2229 3403 2280 3456 in
2309 3397 2553 3472 apostolo
2579 3399 2744 3456 l’aulo
2760 3400 2977 3456 fulsisse
2992 3398 3336 3471 praediximus
3358 3417 3464 3456 non
3486 3416 3576 3456 so-

1988 3492 2098 3546 lum
2131 3493 2269 3547 bona
2297 3497 2357 3546 et
2377 3487 2549 3552 utilia,
2574 3491 2926 3546 verumetiam
2940 3507 3132 3560 magna
3146 3501 3306 3560 atquc
3317 3489 3509 3562 prmcla
3520 3503 3575 3544 ra

1990 3590 2136 3637 sunt.
2169 3581 2275 3636 Sed
2301 3583 2459 3645 sicut,
2491 3579 2640 3635 verbi
2667 3581 2858 3650 gratia,
2892 3582 3067 3634 Stanni
3103 3577 3396 3647 metallum,
3434 3581 3576 3652 quod
3617 3564 3633 3579 ’

1991 3673 2215 3740 alicujus
2239 3673 2486 3728 tttilitatis
2499 3672 2750 3742 etgratia’.
2776 3673 3089 3742 putabatur,
3131 3669 3190 3725 iit
3213 3671 3420 3742 argenti
3443 3689 3577 3728 con-

1989 3761 2333 3834 templatione
2353 3759 2708 3826 vilissimum;
2734 3767 2787 3816 et
2807 3773 3020 3817 rursum
3043 3761 3156 3816 au'ri
3179 3761 3578 3833 comparatione

1989 3857 2241 3914 meritum
2270 3852 2583 3911 ev'annesCit
2633 3855 2861 3924 argenti,
2916 3865 3103 3908 aurum
3136 3869 3350 3924 quoque
3400 3851 3572 3926 ipsum

1991 3967 2323 4025 gemmarum
2344 3945 2632 4005 collatione
2653 3945 3036 4013 contemnitur,
3051 3957 3102 4004 et
3125 3948 3361 4020 ipsarum
3384 3947 3577 4006 nihilo-

1991 4041 2170 4098 minus
2188 4041 2434 4111 quamvis
2455 4037 2742 4107 insignium
2763 4037 3048 4092 multitudo
3061 4054 3394 4110 gemmarum
3416 4035 3577 4097 unius

1990 4131 2297 4204 margaritae
2310 4131 2542 4186 candore
2555 4138 2872 4199 superatur:
2904 4129 2976 4184 ita
3001 4137 3056 4184 et
3075 4127 3161 4184 illa
3177 4132 3359 4186 omnia
3379 4131 3572 4186 merita

1990 4222 2316 4285 sanctitatis,
2349 4219 2595 4292 quamvis
2629 4231 2736 4273 non
2774 4217 2945 4274 solum
2987 4220 3052 4274 ad
3087 4235 3326 4289 praesens
3355 4221 3494 4274 bona
3521 4229 3576 4276 et

1988 4313 2143 4369 utilia
2169 4313 2296 4378 sint,
2314 4299 2668 4381 verumetiam
2693 4309 2894 4364 donum
2922 4311 3244 4366 aeternitatis
3269 4310 3569 4380 acquirant,

1993 4411 2170 4458 tamen
2216 4402 2260 4456 si
2301 4401 2496 4455 divinae
2538 4399 3016 4470 contemplationis
3057 4399 3267 4455 meritis
3290 4399 3575 4456 conferan-

318 4494 468 4550 Unde
505 4503 562 4549 et
603 4495 816 4560 Paulus,
855 4495 1030 4552 infusa
1082 4495 1330 4555 videlicet
1372 4509 1533 4568 terra,
1569 4511 1769 4571 quanta
1807 4501 1968 4586 di-‘D
1995 4505 2101 4562 tur,
2119 4483 2604 4564 viliaatque,utita
2619 4491 3170 4554 dixerim,vendibilia
3187 4493 3570 4547 censebuntur.

317 4583 548 4654 sciplinae
570 4585 740 4654 glacie
757 4596 1036 4656 prematur
1058 4588 1174 4662 (ait)
1200 4608 1212 4644 :
1237 4589 1362 4646 velle
1375 4591 1585 4660 adjacet
1602 4591 1749 4656 mihi,
1771 4607 1890 4662 pcr-

316 4676 466 4745 licere
521 4685 694 4730 autem
733 4676 927 4734 bonum
970 4693 1071 4734 non
1102 4682 1324 4736 inuenio.
1356 4681 1459 4750 Qui
1497 4683 1640 4736 enim
1674 4681 1810 4738 velle
1835 4697 1893 4738 se

318 4767 510 4823 habere
541 4769 755 4835 asserit,
780 4768 891 4838 jam
929 4785 1025 4840 per
1052 4772 1371 4828 iufusionem
1401 4773 1586 4844 gratiae
1611 4790 1730 4844 qua}
1759 4775 1811 4829 in
1835 4790 1894 4830 se

319 4857 515 4913 lateant
563 4858 767 4912 semina
803 4860 1056 4915 ostendit.
1129 4861 1235 4918 Sed
1254 4863 1379 4917 dum
1409 4863 1669 4932 perficere
1692 4861 1890 4918 bonum

319 4966 419 5006 non
456 4949 677 5012 invenit.
713 4952 953 5021 profecto
975 4953 1174 5006 indicat
1215 4962 1417 5024 quanta
1444 4954 1592 5008 illum
1613 4955 1892 5024 dispensa-

321 5041 476 5099 tionis
497 5057 740 5114 superna:
751 5041 951 5115 glacies
974 5054 1197 5113 premat.
1223 5044 1510 5118 (Cassium)
1529 5046 1890 5113 Quamobrem

323 5135 448 5202 quid
475 5135 544 5189 sit
593 5135 964 5206 principaliter
1009 5135 1228 5200 bonum,
1268 5137 1410 5206 quod
1458 5137 1746 5207 Apostolus
1784 5155 1892 5194 non

322 5227 550 5296 potuerit
577 5227 856 5298 perﬁcere,
875 5244 996 5283 cum
1011 5229 1188 5295 vellet,
1215 5230 1523 5301 diligentius
1553 5232 1888 5304 indagemus;

325 5315 484 5370 multa
511 5315 652 5372 enim
683 5321 930 5376 novimus
971 5319 1134 5384 bona,
1160 5335 1278 5389 quae
1309 5319 1527 5375 beatum
1576 5321 1892 5392 Apostolum

323 5420 611 5476 omnesque
642 5407 782 5464 illius
823 5410 1001 5466 meriti
1039 5410 1182 5464 viros
1213 5418 1268 5466 et
1303 5409 1555 5466 habuisse
1599 5427 1696 5483 per
1737 5422 1893 5469 natu-

324 5511 432 5553 ram
473 5504 528 5552 et
562 5498 856 5567 aequisisse
890 5514 988 5570 per
1015 5501 1244 5570 gratiam
1290 5514 1488 5570 negare
1543 5517 1649 5556 non
1700 5519 1891 5572 possu-

327 5602 466 5640 mus:
497 5596 582 5642 est
607 5589 806 5644 etenim
848 5591 987 5644 bona
1024 5592 1266 5658 castitas,
1298 5590 1582 5647 laudabilis
1613 5593 1893 5648 continen-

331 5678 418 5742 tia,
472 5677 714 5731 miranda
753 5677 1060 5746 prudentia,
1112 5681 1258 5752 larga
1299 5681 1631 5749 humanitas,
1661 5684 1892 5738 circum--

326 5779 497 5843 specta
518 5767 805 5834 sobrietas,
832 5769 1071 5825 modesta
1094 5775 1472 5842 temperantia,
1487 5775 1574 5846 pia
1589 5775 1894 5833 misericor-

2070 4588 2194 4645 Non
2229 4591 2365 4644 enim
2400 4587 2540 4656 quod
2589 4587 2702 4642 volo
2749 4589 2890 4656 facio
2937 4586 3148 4652 bonum,
3171 4587 3262 4640 sed
3289 4586 3428 4658 quod
3453 4585 3573 4639 uolo

1996 4685 2193 4740 malum
2236 4685 2333 4737 hoc
2363 4699 2481 4752 ago.
2519 4679 2753 4752 (Ambr.)
2789 4679 2942 4750 Saepe
2972 4681 3168 4749 repetit
3197 4688 3254 4734 ut
3293 4677 3568 4733 dilucidet.

1997 4779 2111 4832 Iloc
2138 4773 2365 4847 ergoes't
2377 4773 2518 4844 quod
2546 4787 2708 4842 supra
2742 4769 2942 4826 dictum
2968 4779 3069 4834 est,
3095 4771 3216 4839 quia
3241 4777 3300 4823 ut
3331 4769 3574 4839 captivus

1996 4885 2092 4941 per
2118 4867 2456 4939 supradictas
2475 4880 2671 4920 causas
2695 4863 2820 4918 illud
2843 4862 3054 4931 cogitur
3083 4859 3262 4915 facere
3289 4860 3433 4930 quod
3461 4859 3576 4912 vult

1993 4966 2299 5030 peccatum.
2329 4954 2479 5022 Quod
2512 4955 2555 5008 si
2575 4951 2838 5020 judicium
2863 4954 2927 5007 de
2955 4953 3095 5006 bono
3121 4951 3284 5006 habet
3307 4949 3568 5010 voluntas,

1995 5052 2327 5108 consuetudo
2355 5035 2530 5102 autem
2561 5045 2859 5101 carnalium
2883 5045 3165 5107 vitiorum,
3197 5057 3316 5113 quae
3342 5041 3426 5096 lex
3455 5057 3576 5096 car-

1994 5141 2098 5210 nis,
2145 5142 2227 5197 vel
2274 5141 2358 5196 lex
2401 5139 2763 5194 membrorum
2801 5135 3060 5208 appellata
3107 5143 3190 5190 est
3241 5133 3473 5199 obsistit,
3521 5142 3573 5188 et

1995 5234 2224 5304 subripit
2265 5249 2331 5288 ex
2388 5249 2454 5288 eo
2502 5233 2643 5302 quod
2691 5231 2814 5285 boni
2868 5228 3199 5283 voluntatem
3245 5242 3418 5298 gero,
3448 5225 3572 5282 licet

1997 5321 2150 5395 agam'
2186 5322 2323 5376 mala
2349 5363 2364 5387 ,
2408 5329 2588 5376 tamen
2619 5337 2738 5390 qua:
2768 5315 2968 5373 invitus
2995 5332 3126 5388 ago,
3159 5315 3438 5372 consentio
3467 5315 3569 5386 legi

1998 5416 2114 5478 Dei.
2145 5415 2271 5484 quia
2306 5411 2443 5467 bona
2474 5423 2556 5467 est
2586 5431 2598 5466 :
2629 5411 2770 5466 odivi
2813 5410 2956 5466 enim
2982 5409 3120 5464 mala
3151 5418 3204 5463 et
3232 5409 3391 5479 cupio
3411 5421 3572 5477 agere

1996 5519 2116 5574 qum
2144 5503 2230 5558 lex
2252 5502 2404 5572 jubet
2430 5499 2590 5556 bona.
2625 5501 2777 5569 Quod
2801 5497 2846 5554 si
2867 5508 3053 5556 contra
3078 5499 3406 5554 voluntatem
3430 5495 3569 5549 mala

1994 5611 2096 5666 ago
2120 5595 2293 5649 victus
2321 5591 2706 5648 consuetudine
2747 5593 2996 5648 vitiorum
3043 5606 3250 5662 usuque
3287 5583 3568 5659 peccandi,

1993 5705 2100 5744 non
2142 5687 2252 5759 jam
2298 5701 2396 5758 ego
2419 5727 2434 5752 ,
2482 5685 2585 5740 hoc
2611 5693 2694 5740 est
2722 5684 2946 5740 interior
2969 5683 3131 5740 homo
3156 5722 3170 5746 ,
3197 5679 3338 5750 quod
3366 5677 3567 5732 bonum

1990 5781 2114 5837 volo
2147 5781 2250 5836 hoc
2277 5777 2441 5845 facio,
2471 5777 2564 5832 sed
2590 5777 2734 5846 quod
2763 5775 2968 5832 habitat
3011 5773 3065 5830 in
3105 5787 3193 5828 me
3238 5774 3519 5841 peccatum
3552 5782 3568 5832 ;
