  <div class='ocr_page' id='page_1' title='image "/cluster/home/n/w/nwhite01/storage/ocr_20150623/111/hvd.32044009716333/723.png"; bbox 0 0 4000 6398; ppageno 0'>
   <div class='ocr_carea' id='block_1_1' title="bbox 449 272 589 352">
    <p class='ocr_par' dir='ltr' id='par_1_1' title="bbox 449 272 589 352">
     <span class='ocr_line' id='line_1_1' title="bbox 449 272 589 352; baseline 0 0"><span class='ocrx_word' id='word_1_1' title='bbox 449 272 589 352; x_wconf 53' lang='lat' dir='ltr'><strong>est,</strong></span> 
     </span>
    </p>
   </div>
   <div class='ocr_carea' id='block_1_2' title="bbox 447 449 2070 542">
    <p class='ocr_par' dir='ltr' id='par_1_2' title="bbox 447 449 2070 542">
     <span class='ocr_line' id='line_1_2' title="bbox 447 449 2070 542; baseline -0.007 -13"><span class='ocrx_word' id='word_1_2' title='bbox 447 449 940 535; x_wconf 26' lang='lat' dir='ltr'><strong>navitﬂil&#39;S&#39;iuutem</strong></span> <span class='ocrx_word' id='word_1_3' title='bbox 985 449 1124 542; x_wconf 72' lang='lat' dir='ltr'><strong>quod</strong></span> <span class='ocrx_word' id='word_1_4' title='bbox 1151 449 1270 523; x_wconf 79' lang='lat' dir='ltr'><strong>nolo</strong></span> <span class='ocrx_word' id='word_1_5' title='bbox 1298 469 1396 522; x_wconf 84' lang='lat' dir='ltr'><strong>hoc</strong></span> <span class='ocrx_word' id='word_1_6' title='bbox 1433 467 1574 540; x_wconf 74' lang='lat' dir='ltr'><strong>facio</strong></span> <span class='ocrx_word' id='word_1_7' title='bbox 1606 509 1620 533; x_wconf 93' lang='lat'><strong>,</strong></span> <span class='ocrx_word' id='word_1_8' title='bbox 1653 449 1906 537; x_wconf 10' lang='lat' dir='ltr'><strong>jaminon</strong></span> <span class='ocrx_word' id='word_1_9' title='bbox 1936 483 2026 536; x_wconf 88' lang='lat' dir='ltr'><strong>ego</strong></span> <span class='ocrx_word' id='word_1_10' title='bbox 2065 477 2070 481; x_wconf 85' lang='lat'>&#39;</span> 
     </span>
    </p>
   </div>
   <div class='ocr_carea' id='block_1_3' title="bbox 446 547 2037 636">
    <p class='ocr_par' dir='ltr' id='par_1_3' title="bbox 446 547 2037 636">
     <span class='ocr_line' id='line_1_3' title="bbox 446 547 2037 636; baseline -0.004 -21"><span class='ocrx_word' id='word_1_11' title='bbox 446 551 630 629; x_wconf 69' lang='grc' dir='ltr'><strong>ορενὼ</strong></span> <span class='ocrx_word' id='word_1_12' title='bbox 657 553 812 627; x_wconf 73' lang='lat' dir='ltr'><strong>illud,</strong></span> <span class='ocrx_word' id='word_1_13' title='bbox 833 547 1077 630; x_wconf 76' lang='lat' dir='ltr'><strong>sedquod</strong></span> <span class='ocrx_word' id='word_1_14' title='bbox 1100 554 1298 636; x_wconf 79' lang='lat' dir='ltr'><strong>habitat</strong></span> <span class='ocrx_word' id='word_1_15' title='bbox 1325 561 1377 613; x_wconf 88' lang='lat' dir='ltr'><strong>in</strong></span> <span class='ocrx_word' id='word_1_16' title='bbox 1405 575 1484 613; x_wconf 89' lang='lat' dir='ltr'><strong>me</strong></span> <span class='ocrx_word' id='word_1_17' title='bbox 1507 570 1796 628; x_wconf 80' lang='lat' dir='ltr'><strong>peccatum.</strong></span> <span class='ocrx_word' id='word_1_18' title='bbox 1814 555 2037 629; x_wconf 41' lang='lat' dir='ltr'><strong>(Amb.).</strong></span> 
     </span>
    </p>
   </div>
   <div class='ocr_carea' id='block_1_4' title="bbox 445 644 2030 722">
    <p class='ocr_par' dir='ltr' id='par_1_4' title="bbox 445 644 2030 722">
     <span class='ocr_line' id='line_1_4' title="bbox 445 644 2030 722; baseline -0.005 -16"><span class='ocrx_word' id='word_1_19' title='bbox 445 644 666 707; x_wconf 68' lang='lat' dir='ltr'><strong>Hoc&#39;est</strong></span> <span class='ocrx_word' id='word_1_20' title='bbox 697 651 838 722; x_wconf 83' lang='lat' dir='ltr'><strong>quod</strong></span> <span class='ocrx_word' id='word_1_21' title='bbox 869 663 1030 720; x_wconf 81' lang='lat' dir='ltr'><strong>supra</strong></span> <span class='ocrx_word' id='word_1_22' title='bbox 1054 647 1168 718; x_wconf 87' lang='lat' dir='ltr'><strong>jam</strong></span> <span class='ocrx_word' id='word_1_23' title='bbox 1195 647 1538 711; x_wconf 80' lang='lat' dir='ltr'><strong>memoravit,</strong></span> <span class='ocrx_word' id='word_1_24' title='bbox 1577 647 1700 717; x_wconf 85' lang='lat' dir='ltr'><strong>quia</strong></span> <span class='ocrx_word' id='word_1_25' title='bbox 1728 661 1949 718; x_wconf 85' lang='lat' dir='ltr'><strong>pressus</strong></span> <span class='ocrx_word' id='word_1_26' title='bbox 1975 653 2030 700; x_wconf 89' lang='lat' dir='ltr'><strong>et</strong></span> 
     </span>
    </p>
   </div>
   <div class='ocr_carea' id='block_1_5' title="bbox 443 731 2028 812">
    <p class='ocr_par' dir='ltr' id='par_1_5' title="bbox 443 731 2028 812">
     <span class='ocr_line' id='line_1_5' title="bbox 443 731 2028 812; baseline -0.004 -17"><span class='ocrx_word' id='word_1_27' title='bbox 443 739 758 812; x_wconf 73' lang='lat' dir='ltr'><strong>subiugatus</strong></span> <span class='ocrx_word' id='word_1_28' title='bbox 803 731 1024 812; x_wconf 83' lang='lat' dir='ltr'><strong>peccato</strong></span> <span class='ocrx_word' id='word_1_29' title='bbox 1053 780 1068 803; x_wconf 91' lang='lat'><strong>,</strong></span> <span class='ocrx_word' id='word_1_30' title='bbox 1103 751 1210 796; x_wconf 88' lang='lat' dir='ltr'><strong>non</strong></span> <span class='ocrx_word' id='word_1_31' title='bbox 1253 753 1406 792; x_wconf 81' lang='lat' dir='ltr'><strong>suam</strong></span> <span class='ocrx_word' id='word_1_32' title='bbox 1429 777 1444 802; x_wconf 96' lang='lat'><strong>,</strong></span> <span class='ocrx_word' id='word_1_33' title='bbox 1494 735 1588 791; x_wconf 87' lang='lat' dir='ltr'><strong>sed</strong></span> <span class='ocrx_word' id='word_1_34' title='bbox 1623 736 1767 790; x_wconf 88' lang='lat' dir='ltr'><strong>illius</strong></span> <span class='ocrx_word' id='word_1_35' title='bbox 1817 735 2028 806; x_wconf 84' lang='lat' dir='ltr'><strong>perﬁcit</strong></span> 
     </span>
    </p>
   </div>
   <div class='ocr_carea' id='block_1_6' title="bbox 443 823 2028 902">
    <p class='ocr_par' dir='ltr' id='par_1_6' title="bbox 443 823 2028 902">
     <span class='ocr_line' id='line_1_6' title="bbox 443 823 2028 902; baseline -0.004 -16"><span class='ocrx_word' id='word_1_36' title='bbox 443 823 792 886; x_wconf 73' lang='lat' dir='ltr'><strong>voluntatem.</strong></span> <span class='ocrx_word' id='word_1_37' title='bbox 845 829 1104 902; x_wconf 80' lang='lat' dir='ltr'><strong>Nunquid</strong></span> <span class='ocrx_word' id='word_1_38' title='bbox 1153 828 1280 900; x_wconf 86' lang='lat' dir='ltr'><strong>quia</strong></span> <span class='ocrx_word' id='word_1_39' title='bbox 1307 829 1537 884; x_wconf 86' lang='lat' dir='ltr'><strong>invitum</strong></span> <span class='ocrx_word' id='word_1_40' title='bbox 1590 829 1863 882; x_wconf 86' lang='lat' dir='ltr'><strong>hominem</strong></span> <span class='ocrx_word' id='word_1_41' title='bbox 1899 827 2028 882; x_wconf 90' lang='lat' dir='ltr'><strong>dicit</strong></span> 
     </span>
    </p>
   </div>
   <div class='ocr_carea' id='block_1_7' title="bbox 444 915 2030 1020">
    <p class='ocr_par' dir='ltr' id='par_1_7' title="bbox 444 915 2030 1020">
     <span class='ocr_line' id='line_1_7' title="bbox 444 915 2030 1020; baseline -0.003 -38"><span class='ocrx_word' id='word_1_42' title='bbox 444 943 686 1011; x_wconf 81' lang='lat' dir='ltr'><strong>peccare,</strong></span> <span class='ocrx_word' id='word_1_43' title='bbox 738 927 994 982; x_wconf 91' lang='lat' dir='ltr'><strong>immunis</strong></span> <span class='ocrx_word' id='word_1_44' title='bbox 1015 926 1174 983; x_wconf 91' lang='lat' dir='ltr'><strong>debet</strong></span> <span class='ocrx_word' id='word_1_45' title='bbox 1207 925 1378 980; x_wconf 87' lang='lat' dir='ltr'><strong>videri</strong></span> <span class='ocrx_word' id='word_1_46' title='bbox 1417 941 1448 982; x_wconf 86' lang='lat' dir='ltr'><strong>a</strong></span> <span class='ocrx_word' id='word_1_47' title='bbox 1481 915 1740 1020; x_wconf 53' lang='lat' dir='ltr'><strong>crimine,</strong></span> <span class='ocrx_word' id='word_1_48' title='bbox 1771 923 1897 994; x_wconf 86' lang='lat' dir='ltr'><strong>quia</strong></span> <span class='ocrx_word' id='word_1_49' title='bbox 1927 923 2030 978; x_wconf 90' lang='lat' dir='ltr'><strong>hoc</strong></span> 
     </span>
    </p>
   </div>
   <div class='ocr_carea' id='block_1_8' title="bbox 443 1016 2026 1095">
    <p class='ocr_par' dir='ltr' id='par_1_8' title="bbox 443 1016 2026 1095">
     <span class='ocr_line' id='line_1_8' title="bbox 443 1016 2026 1095; baseline -0.003 -21"><span class='ocrx_word' id='word_1_50' title='bbox 443 1017 556 1092; x_wconf 85' lang='lat' dir='ltr'><strong>agit</strong></span> <span class='ocrx_word' id='word_1_51' title='bbox 581 1021 724 1092; x_wconf 87' lang='lat' dir='ltr'><strong>quod</strong></span> <span class='ocrx_word' id='word_1_52' title='bbox 755 1035 862 1074; x_wconf 92' lang='lat' dir='ltr'><strong>non</strong></span> <span class='ocrx_word' id='word_1_53' title='bbox 887 1019 1042 1084; x_wconf 89' lang='lat' dir='ltr'><strong>vult,‘</strong></span> <span class='ocrx_word' id='word_1_54' title='bbox 1070 1031 1296 1095; x_wconf 81' lang='lat' dir='ltr'><strong>pressus</strong></span> <span class='ocrx_word' id='word_1_55' title='bbox 1333 1017 1383 1071; x_wconf 90' lang='lat' dir='ltr'><strong>vi</strong></span> <span class='ocrx_word' id='word_1_56' title='bbox 1424 1016 1751 1088; x_wconf 73' lang='lat' dir='ltr'><strong>potestatis?</strong></span> <span class='ocrx_word' id='word_1_57' title='bbox 1784 1031 1888 1070; x_wconf 83' lang='lat' dir='ltr'><strong>non</strong></span> <span class='ocrx_word' id='word_1_58' title='bbox 1917 1016 2026 1069; x_wconf 89' lang='lat' dir='ltr'><strong>uti-</strong></span> 
     </span>
    </p>
   </div>
   <div class='ocr_carea' id='block_1_9' title="bbox 443 1107 2024 1182">
    <p class='ocr_par' dir='ltr' id='par_1_9' title="bbox 443 1107 2024 1182">
     <span class='ocr_line' id='line_1_9' title="bbox 443 1107 2024 1182; baseline -0.003 -18"><span class='ocrx_word' id='word_1_59' title='bbox 443 1125 587 1180; x_wconf 93' lang='lat' dir='ltr'><strong>que;</strong></span> <span class='ocrx_word' id='word_1_60' title='bbox 625 1111 792 1182; x_wconf 85' lang='lat' dir='ltr'><strong>ipsius</strong></span> <span class='ocrx_word' id='word_1_61' title='bbox 831 1110 975 1164; x_wconf 90' lang='lat' dir='ltr'><strong>enim</strong></span> <span class='ocrx_word' id='word_1_62' title='bbox 1004 1110 1156 1174; x_wconf 87' lang='lat' dir='ltr'><strong>vitio,</strong></span> <span class='ocrx_word' id='word_1_63' title='bbox 1183 1117 1238 1165; x_wconf 89' lang='lat' dir='ltr'><strong>et</strong></span> <span class='ocrx_word' id='word_1_64' title='bbox 1263 1107 1468 1168; x_wconf 87' lang='lat' dir='ltr'><strong>desidia</strong></span> <span class='ocrx_word' id='word_1_65' title='bbox 1509 1109 1624 1162; x_wconf 66' lang='lat' dir='ltr'><strong>haec</strong></span> <span class='ocrx_word' id='word_1_66' title='bbox 1668 1115 1844 1178; x_wconf 72' lang='lat' dir='ltr'><strong>empta</strong></span> <span class='ocrx_word' id='word_1_67' title='bbox 1881 1115 2024 1161; x_wconf 88' lang='lat' dir='ltr'><strong>sunt.</strong></span> 
     </span>
    </p>
   </div>
   <div class='ocr_carea' id='block_1_10' title="bbox 445 1183 2029 1274">
    <p class='ocr_par' dir='ltr' id='par_1_10' title="bbox 445 1183 2029 1274">
     <span class='ocr_line' id='line_1_10' title="bbox 445 1183 2029 1274; baseline -0.003 -19"><span class='ocrx_word' id='word_1_68' title='bbox 445 1183 584 1268; x_wconf 76' lang='lat' dir='ltr'><strong>Quia</strong></span> <span class='ocrx_word' id='word_1_69' title='bbox 601 1201 743 1255; x_wconf 89' lang='lat' dir='ltr'><strong>enim</strong></span> <span class='ocrx_word' id='word_1_70' title='bbox 773 1199 1100 1272; x_wconf 88' lang='lat' dir='ltr'><strong>mancipavit</strong></span> <span class='ocrx_word' id='word_1_71' title='bbox 1127 1215 1187 1256; x_wconf 91' lang='lat' dir='ltr'><strong>se</strong></span> <span class='ocrx_word' id='word_1_72' title='bbox 1210 1215 1306 1274; x_wconf 90' lang='lat' dir='ltr'><strong>per</strong></span> <span class='ocrx_word' id='word_1_73' title='bbox 1336 1213 1615 1256; x_wconf 86' lang='lat' dir='ltr'><strong>assensum</strong></span> <span class='ocrx_word' id='word_1_74' title='bbox 1641 1205 1886 1268; x_wconf 88' lang='lat' dir='ltr'><strong>peccato,</strong></span> <span class='ocrx_word' id='word_1_75' title='bbox 1905 1197 2029 1264; x_wconf 86' lang='lat' dir='ltr'><strong>jure</strong></span> 
     </span>
    </p>
   </div>
   <div class='ocr_carea' id='block_1_11' title="bbox 447 1289 2026 1366">
    <p class='ocr_par' dir='ltr' id='par_1_11' title="bbox 447 1289 2026 1366">
     <span class='ocr_line' id='line_1_11' title="bbox 447 1289 2026 1366; baseline -0.004 -18"><span class='ocrx_word' id='word_1_76' title='bbox 447 1293 589 1366; x_wconf 83' lang='lat' dir='ltr'><strong>illius</strong></span> <span class='ocrx_word' id='word_1_77' title='bbox 613 1295 938 1350; x_wconf 74' lang='lat' dir='ltr'><strong>dominatur.</strong></span> <span class='ocrx_word' id='word_1_78' title='bbox 965 1293 1211 1357; x_wconf 79' lang='lat' dir='ltr'><strong>Primum</strong></span> <span class='ocrx_word' id='word_1_79' title='bbox 1241 1292 1386 1348; x_wconf 91' lang='lat' dir='ltr'><strong>enim</strong></span> <span class='ocrx_word' id='word_1_80' title='bbox 1413 1293 1622 1366; x_wconf 82' lang='lat' dir='ltr'><strong>suadet,</strong></span> <span class='ocrx_word' id='word_1_81' title='bbox 1651 1300 1711 1345; x_wconf 92' lang='lat' dir='ltr'><strong>ut</strong></span> <span class='ocrx_word' id='word_1_82' title='bbox 1736 1290 1879 1345; x_wconf 89' lang='lat' dir='ltr'><strong>victo</strong></span> <span class='ocrx_word' id='word_1_83' title='bbox 1915 1289 2026 1359; x_wconf 83' lang='lat' dir='ltr'><strong>jam</strong></span> 
     </span>
    </p>
   </div>
   <div class='ocr_carea' id='block_1_12' title="bbox 447 1379 2026 1454">
    <p class='ocr_par' dir='ltr' id='par_1_12' title="bbox 447 1379 2026 1454">
     <span class='ocr_line' id='line_1_12' title="bbox 447 1379 2026 1454; baseline -0.003 -15"><span class='ocrx_word' id='word_1_84' title='bbox 447 1384 770 1440; x_wconf 71' lang='lat' dir='ltr'><strong>dominetur.</strong></span> <span class='ocrx_word' id='word_1_85' title='bbox 804 1383 1092 1454; x_wconf 73' lang='lat' dir='ltr'><strong>Apostolus</strong></span> <span class='ocrx_word' id='word_1_86' title='bbox 1117 1393 1294 1438; x_wconf 90' lang='lat' dir='ltr'><strong>autem</strong></span> <span class='ocrx_word' id='word_1_87' title='bbox 1328 1392 1386 1436; x_wconf 92' lang='lat' dir='ltr'><strong>ut</strong></span> <span class='ocrx_word' id='word_1_88' title='bbox 1413 1383 1640 1454; x_wconf 83' lang='lat' dir='ltr'><strong>gratiam</strong></span> <span class='ocrx_word' id='word_1_89' title='bbox 1682 1381 1776 1435; x_wconf 87' lang='lat' dir='ltr'><strong>Dei</strong></span> <span class='ocrx_word' id='word_1_90' title='bbox 1804 1379 2026 1445; x_wconf 82' lang='lat' dir='ltr'><strong>referat,</strong></span> 
     </span>
    </p>
   </div>
   <div class='ocr_carea' id='block_1_13' title="bbox 445 1457 2028 1557">
    <p class='ocr_par' dir='ltr' id='par_1_13' title="bbox 445 1457 2028 1557">
     <span class='ocr_line' id='line_1_13' title="bbox 445 1457 2028 1557; baseline -0.004 -27"><span class='ocrx_word' id='word_1_91' title='bbox 445 1465 558 1532; x_wconf 63' lang='lat' dir='ltr'><strong>haec</strong></span> <span class='ocrx_word' id='word_1_92' title='bbox 590 1457 830 1557; x_wconf 72' lang='lat' dir='ltr'><strong>exponit,</strong></span> <span class='ocrx_word' id='word_1_93' title='bbox 857 1475 921 1529; x_wconf 89' lang='lat' dir='ltr'><strong>de</strong></span> <span class='ocrx_word' id='word_1_94' title='bbox 949 1475 1166 1544; x_wconf 77' lang='lat' dir='ltr'><strong>quantis</strong></span> <span class='ocrx_word' id='word_1_95' title='bbox 1189 1473 1344 1528; x_wconf 87' lang='lat' dir='ltr'><strong>malis</strong></span> <span class='ocrx_word' id='word_1_96' title='bbox 1375 1473 1645 1528; x_wconf 86' lang='lat' dir='ltr'><strong>hominem</strong></span> <span class='ocrx_word' id='word_1_97' title='bbox 1673 1471 1982 1526; x_wconf 75' lang='lat' dir='ltr'><strong>liberaverit</strong></span> <span class='ocrx_word' id='word_1_98' title='bbox 2013 1511 2028 1534; x_wconf 92' lang='lat'><strong>,</strong></span> 
     </span>
    </p>
   </div>
   <div class='ocr_carea' id='block_1_14' title="bbox 445 1559 2032 1634">
    <p class='ocr_par' dir='ltr' id='par_1_14' title="bbox 445 1559 2032 1634">
     <span class='ocr_line' id='line_1_14' title="bbox 445 1559 2032 1634; baseline -0.005 -13"><span class='ocrx_word' id='word_1_99' title='bbox 445 1575 504 1621; x_wconf 91' lang='lat' dir='ltr'><strong>ut</strong></span> <span class='ocrx_word' id='word_1_100' title='bbox 528 1581 646 1634; x_wconf 69' lang='lat' dir='ltr'><strong>qua:</strong></span> <span class='ocrx_word' id='word_1_101' title='bbox 663 1562 830 1622; x_wconf 73' lang='lat' dir='ltr'><strong>exitia</strong></span> <span class='ocrx_word' id='word_1_102' title='bbox 854 1579 920 1618; x_wconf 84' lang='lat' dir='ltr'><strong>ex</strong></span> <span class='ocrx_word' id='word_1_103' title='bbox 951 1563 1122 1618; x_wconf 81' lang='lat' dir='ltr'><strong>Adam</strong></span> <span class='ocrx_word' id='word_1_104' title='bbox 1147 1562 1333 1625; x_wconf 85' lang='lat' dir='ltr'><strong>trahit,</strong></span> <span class='ocrx_word' id='word_1_105' title='bbox 1361 1578 1482 1632; x_wconf 68' lang='lat' dir='ltr'><strong>quae</strong></span> <span class='ocrx_word' id='word_1_106' title='bbox 1506 1577 1636 1616; x_wconf 86' lang='lat' dir='ltr'><strong>vero</strong></span> <span class='ocrx_word' id='word_1_107' title='bbox 1654 1559 1914 1615; x_wconf 83' lang='lat' dir='ltr'><strong>beneﬁcia</strong></span> <span class='ocrx_word' id='word_1_108' title='bbox 1932 1575 2032 1629; x_wconf 90' lang='lat' dir='ltr'><strong>per</strong></span> 
     </span>
    </p>
   </div>
   <div class='ocr_carea' id='block_1_15' title="bbox 443 1652 2025 1718">
    <p class='ocr_par' dir='ltr' id='par_1_15' title="bbox 443 1652 2025 1718">
     <span class='ocr_line' id='line_1_15' title="bbox 443 1652 2025 1718; baseline -0.004 -6"><span class='ocrx_word' id='word_1_109' title='bbox 443 1653 720 1712; x_wconf 89' lang='lat' dir='ltr'><strong>Christum</strong></span> <span class='ocrx_word' id='word_1_110' title='bbox 765 1663 1091 1710; x_wconf 87' lang='lat' dir='ltr'><strong>consecutus</strong></span> <span class='ocrx_word' id='word_1_111' title='bbox 1137 1663 1246 1718; x_wconf 88' lang='lat' dir='ltr'><strong>est,</strong></span> <span class='ocrx_word' id='word_1_112' title='bbox 1286 1665 1344 1710; x_wconf 91' lang='lat' dir='ltr'><strong>ut</strong></span> <span class='ocrx_word' id='word_1_113' title='bbox 1373 1654 1460 1708; x_wconf 89' lang='lat' dir='ltr'><strong>cui</strong></span> <span class='ocrx_word' id='word_1_114' title='bbox 1491 1667 1591 1708; x_wconf 91' lang='lat' dir='ltr'><strong>nec</strong></span> <span class='ocrx_word' id='word_1_115' title='bbox 1616 1652 1706 1706; x_wconf 81' lang='lat' dir='ltr'><strong>lex</strong></span> <span class='ocrx_word' id='word_1_116' title='bbox 1735 1652 2025 1707; x_wconf 88' lang='lat' dir='ltr'><strong>subvenire</strong></span> 
     </span>
    </p>
   </div>
   <div class='ocr_carea' id='block_1_16' title="bbox 1025 263 3208 355">
    <p class='ocr_par' dir='ltr' id='par_1_16' title="bbox 1025 263 3208 355">
     <span class='ocr_line' id='line_1_16' title="bbox 1025 263 3208 355; baseline -0.001 -33"><span class='ocrx_word' id='word_1_117' title='bbox 1025 317 1032 331; x_wconf 89' lang='grc'><strong>,</strong></span> <span class='ocrx_word' id='word_1_118' title='bbox 1087 270 1147 322; x_wconf 84' lang='lat' dir='ltr'><strong>n.</strong></span> <span class='ocrx_word' id='word_1_119' title='bbox 1189 266 1443 328; x_wconf 70' lang='lat' dir='ltr'><strong>RABANI</strong></span> <span class='ocrx_word' id='word_1_120' title='bbox 1477 266 1700 355; x_wconf 64' lang='lat' dir='ltr'><strong>MAURI</strong></span> <span class='ocrx_word' id='word_1_121' title='bbox 1735 263 2402 346; x_wconf 46' lang='grc' dir='ltr'>Αιιοιιιιῖιῆηιιιιιξιιξςι,</span> <span class='ocrx_word' id='word_1_122' title='bbox 2431 267 2714 341; x_wconf 60' lang='grc' dir='ltr'>οιξιιιιωι</span> <span class='ocrx_word' id='word_1_123' title='bbox 2751 265 3110 348; x_wconf 38' lang='lat' dir='ltr'><strong>ransom,</strong></span> <span class='ocrx_word' id='word_1_124' title='bbox 3151 304 3158 315; x_wconf 87' lang='lat'><strong>.</strong></span> <span class='ocrx_word' id='word_1_125' title='bbox 3201 308 3208 341; x_wconf 44' lang='grc' dir='ltr'><strong>ι</strong></span> 
     </span>
    </p>
   </div>
   <div class='ocr_carea' id='block_1_17' title="bbox 445 343 3763 465">
    <p class='ocr_par' dir='ltr' id='par_1_17' title="bbox 445 343 3763 465">
     <span class='ocr_line' id='line_1_17' title="bbox 445 343 3763 465; baseline 0.001 -29"><span class='ocrx_word' id='word_1_126' title='bbox 445 343 884 465; x_wconf 53' lang='lat' dir='ltr'><strong>consuetudinem</strong></span> <span class='ocrx_word' id='word_1_127' title='bbox 939 395 1170 461; x_wconf 82' lang='lat' dir='ltr'><strong>namque</strong></span> <span class='ocrx_word' id='word_1_128' title='bbox 1213 377 1469 451; x_wconf 82' lang='lat' dir='ltr'><strong>peccandi</strong></span> <span class='ocrx_word' id='word_1_129' title='bbox 1510 352 1792 450; x_wconf 82' lang='lat' dir='ltr'><strong>peccatum</strong></span> <span class='ocrx_word' id='word_1_130' title='bbox 1843 343 2094 465; x_wconf 54' lang='lat' dir='ltr'><strong>nomi-A</strong></span> <span class='ocrx_word' id='word_1_131' title='bbox 2121 343 2390 448; x_wconf 86' lang='lat' dir='ltr'><strong>quomodo</strong></span> <span class='ocrx_word' id='word_1_132' title='bbox 2417 381 2780 453; x_wconf 71' lang='lat' dir='ltr'><strong>agebatquod</strong></span> <span class='ocrx_word' id='word_1_133' title='bbox 2808 343 3026 462; x_wconf 68' lang='lat' dir='ltr'><strong>nolebat</strong></span> <span class='ocrx_word' id='word_1_134' title='bbox 3049 343 3410 460; x_wconf 42' lang='lat' dir='ltr'><strong>_malnm,,_e,t</strong></span> <span class='ocrx_word' id='word_1_135' title='bbox 3437 385 3763 454; x_wconf 76' lang='lat' dir='ltr'><strong>quomodo</strong></span> 
     </span>
    </p>
   </div>
   <div class='ocr_carea' id='block_1_18' title="bbox 2131 469 3762 546">
    <p class='ocr_par' dir='ltr' id='par_1_18' title="bbox 2131 469 3762 546">
     <span class='ocr_line' id='line_1_18' title="bbox 2131 469 3762 546; baseline 0.005 -24"><span class='ocrx_word' id='word_1_136' title='bbox 2131 469 2242 538; x_wconf 84' lang='lat' dir='ltr'><strong>ipse</strong></span> <span class='ocrx_word' id='word_1_137' title='bbox 2272 469 2394 543; x_wconf 75' lang='lat' dir='ltr'><strong>illud</strong></span> <span class='ocrx_word' id='word_1_138' title='bbox 2425 487 2526 524; x_wconf 88' lang='lat' dir='ltr'><strong>non</strong></span> <span class='ocrx_word' id='word_1_139' title='bbox 2551 469 2770 541; x_wconf 67' lang='lat' dir='ltr'><strong>agebat,</strong></span> <span class='ocrx_word' id='word_1_140' title='bbox 2801 472 2896 528; x_wconf 86' lang='lat' dir='ltr'><strong>sed</strong></span> <span class='ocrx_word' id='word_1_141' title='bbox 2923 469 3067 546; x_wconf 80' lang='lat' dir='ltr'><strong>quod</strong></span> <span class='ocrx_word' id='word_1_142' title='bbox 3094 471 3302 543; x_wconf 81' lang='lat' dir='ltr'><strong>habitat</strong></span> <span class='ocrx_word' id='word_1_143' title='bbox 3343 473 3402 532; x_wconf 85' lang='lat' dir='ltr'><strong>in</strong></span> <span class='ocrx_word' id='word_1_144' title='bbox 3443 474 3550 532; x_wconf 78' lang='lat' dir='ltr'><strong>illo</strong></span> <span class='ocrx_word' id='word_1_145' title='bbox 3588 490 3762 544; x_wconf 71' lang='lat' dir='ltr'><strong>pec-</strong></span> 
     </span>
    </p>
   </div>
   <div class='ocr_carea' id='block_1_19' title="bbox 2129 561 3752 638">
    <p class='ocr_par' dir='ltr' id='par_1_19' title="bbox 2129 561 3752 638">
     <span class='ocr_line' id='line_1_19' title="bbox 2129 561 3752 638; baseline 0.004 -24"><span class='ocrx_word' id='word_1_146' title='bbox 2129 562 2344 638; x_wconf 83' lang='lat' dir='ltr'><strong>catum?</strong></span> <span class='ocrx_word' id='word_1_147' title='bbox 2379 561 2672 632; x_wconf 82' lang='lat' dir='ltr'><strong>Utrumque</strong></span> <span class='ocrx_word' id='word_1_148' title='bbox 2703 563 2847 618; x_wconf 89' lang='lat' dir='ltr'><strong>enim</strong></span> <span class='ocrx_word' id='word_1_149' title='bbox 2877 563 3014 621; x_wconf 81' lang='lat' dir='ltr'><strong>dixit</strong></span> <span class='ocrx_word' id='word_1_150' title='bbox 3039 571 3096 618; x_wconf 93' lang='lat' dir='ltr'><strong>et</strong></span> <span class='ocrx_word' id='word_1_151' title='bbox 3123 565 3391 636; x_wconf 75' lang='lat' dir='ltr'><strong>nonguod</strong></span> <span class='ocrx_word' id='word_1_152' title='bbox 3430 563 3563 630; x_wconf 78' lang='lat' dir='ltr'><strong>volo</strong></span> <span class='ocrx_word' id='word_1_153' title='bbox 3603 584 3752 638; x_wconf 79' lang='lat' dir='ltr'><strong>ago,</strong></span> 
     </span>
    </p>
   </div>
   <div class='ocr_carea' id='block_1_20' title="bbox 2127 638 3750 726">
    <p class='ocr_par' dir='ltr' id='par_1_20' title="bbox 2127 638 3750 726">
     <span class='ocr_line' id='line_1_20' title="bbox 2127 638 3750 726; baseline 0.004 -22"><span class='ocrx_word' id='word_1_154' title='bbox 2127 661 2174 704; x_wconf 87' lang='lat' dir='ltr'><strong>et</strong></span> <span class='ocrx_word' id='word_1_155' title='bbox 2207 669 2308 705; x_wconf 85' lang='lat' dir='ltr'><strong>non</strong></span> <span class='ocrx_word' id='word_1_156' title='bbox 2339 669 2429 723; x_wconf 85' lang='lat' dir='ltr'><strong>ego</strong></span> <span class='ocrx_word' id='word_1_157' title='bbox 2457 638 2639 722; x_wconf 73' lang='lat' dir='ltr'><strong>operor</strong></span> <span class='ocrx_word' id='word_1_158' title='bbox 2667 652 2800 707; x_wconf 84' lang='lat' dir='ltr'><strong>illud</strong></span> <span class='ocrx_word' id='word_1_159' title='bbox 2823 695 2836 717; x_wconf 94' lang='lat'><strong>,</strong></span> <span class='ocrx_word' id='word_1_160' title='bbox 2875 653 2966 710; x_wconf 76' lang='lat' dir='ltr'><strong>sed</strong></span> <span class='ocrx_word' id='word_1_161' title='bbox 3001 643 3140 726; x_wconf 72' lang='lat' dir='ltr'><strong>quod</strong></span> <span class='ocrx_word' id='word_1_162' title='bbox 3168 653 3367 722; x_wconf 61' lang='lat' dir='ltr'><strong>habitat</strong></span> <span class='ocrx_word' id='word_1_163' title='bbox 3396 656 3456 710; x_wconf 79' lang='lat' dir='ltr'><strong>in</strong></span> <span class='ocrx_word' id='word_1_164' title='bbox 3481 672 3578 710; x_wconf 79' lang='lat' dir='ltr'><strong>me</strong></span> <span class='ocrx_word' id='word_1_165' title='bbox 3599 675 3750 725; x_wconf 67' lang='lat' dir='ltr'><strong>pec-</strong></span> 
     </span>
    </p>
   </div>
   <div class='ocr_carea' id='block_1_21' title="bbox 2127 731 3756 828">
    <p class='ocr_par' dir='ltr' id='par_1_21' title="bbox 2127 731 3756 828">
     <span class='ocr_line' id='line_1_21' title="bbox 2127 731 3756 828; baseline 0.004 -32"><span class='ocrx_word' id='word_1_166' title='bbox 2127 731 2321 828; x_wconf 69' lang='lat' dir='ltr'><strong>euium.</strong></span> <span class='ocrx_word' id='word_1_167' title='bbox 2353 743 2504 800; x_wconf 92' lang='lat' dir='ltr'><strong>Unde</strong></span> <span class='ocrx_word' id='word_1_168' title='bbox 2541 745 2840 816; x_wconf 80' lang='lat' dir='ltr'><strong>intelligere</strong></span> <span class='ocrx_word' id='word_1_169' title='bbox 2879 746 3140 802; x_wconf 85' lang='lat' dir='ltr'><strong>debemus</strong></span> <span class='ocrx_word' id='word_1_170' title='bbox 3175 747 3392 814; x_wconf 86' lang='lat' dir='ltr'><strong>quando</strong></span> <span class='ocrx_word' id='word_1_171' title='bbox 3423 731 3756 816; x_wconf 71' lang='lat' dir='ltr'><strong>peccatum</strong></span> 
     </span>
    </p>
   </div>
   <div class='ocr_carea' id='block_1_22' title="bbox 2128 836 3750 914">
    <p class='ocr_par' dir='ltr' id='par_1_22' title="bbox 2128 836 3750 914">
     <span class='ocr_line' id='line_1_22' title="bbox 2128 836 3750 914; baseline 0.005 -26"><span class='ocrx_word' id='word_1_172' title='bbox 2128 838 2270 908; x_wconf 88' lang='lat' dir='ltr'><strong>quod</strong></span> <span class='ocrx_word' id='word_1_173' title='bbox 2307 836 2514 890; x_wconf 86' lang='lat' dir='ltr'><strong>habitat</strong></span> <span class='ocrx_word' id='word_1_174' title='bbox 2559 839 2613 894; x_wconf 92' lang='lat' dir='ltr'><strong>in</strong></span> <span class='ocrx_word' id='word_1_175' title='bbox 2657 839 2812 894; x_wconf 88' lang='lat' dir='ltr'><strong>nobis</strong></span> <span class='ocrx_word' id='word_1_176' title='bbox 2839 847 3096 914; x_wconf 83' lang='lat' dir='ltr'><strong>operatur</strong></span> <span class='ocrx_word' id='word_1_177' title='bbox 3135 840 3189 896; x_wconf 92' lang='lat' dir='ltr'><strong>in</strong></span> <span class='ocrx_word' id='word_1_178' title='bbox 3218 841 3398 906; x_wconf 87' lang='lat' dir='ltr'><strong>nobis,</strong></span> <span class='ocrx_word' id='word_1_179' title='bbox 3430 849 3580 896; x_wconf 85' lang='lat' dir='ltr'><strong>tunc</strong></span> <span class='ocrx_word' id='word_1_180' title='bbox 3629 857 3750 896; x_wconf 80' lang='lat' dir='ltr'><strong>nos</strong></span> 
     </span>
    </p>
   </div>
   <div class='ocr_carea' id='block_1_23' title="bbox 2127 927 3750 1000">
    <p class='ocr_par' dir='ltr' id='par_1_23' title="bbox 2127 927 3750 1000">
     <span class='ocr_line' id='line_1_23' title="bbox 2127 927 3750 1000; baseline 0.004 -20"><span class='ocrx_word' id='word_1_181' title='bbox 2127 927 2180 980; x_wconf 87' lang='lat' dir='ltr'><strong>id</strong></span> <span class='ocrx_word' id='word_1_182' title='bbox 2221 943 2327 980; x_wconf 90' lang='lat' dir='ltr'><strong>non</strong></span> <span class='ocrx_word' id='word_1_183' title='bbox 2375 929 2630 997; x_wconf 87' lang='lat' dir='ltr'><strong>operari,</strong></span> <span class='ocrx_word' id='word_1_184' title='bbox 2681 930 2900 998; x_wconf 87' lang='lat' dir='ltr'><strong>quando</strong></span> <span class='ocrx_word' id='word_1_185' title='bbox 2945 944 3287 1000; x_wconf 82' lang='lat' dir='ltr'><strong>nequaquam</strong></span> <span class='ocrx_word' id='word_1_186' title='bbox 3339 933 3392 986; x_wconf 89' lang='lat' dir='ltr'><strong>ei</strong></span> <span class='ocrx_word' id='word_1_187' title='bbox 3459 930 3750 986; x_wconf 81' lang='lat' dir='ltr'><strong>voluntas</strong></span> 
     </span>
    </p>
   </div>
   <div class='ocr_carea' id='block_1_24' title="bbox 2127 1020 3750 1093">
    <p class='ocr_par' dir='ltr' id='par_1_24' title="bbox 2127 1020 3750 1093">
     <span class='ocr_line' id='line_1_24' title="bbox 2127 1020 3750 1093; baseline 0.002 -21"><span class='ocrx_word' id='word_1_188' title='bbox 2127 1025 2314 1074; x_wconf 88' lang='lat' dir='ltr'><strong>nostra</strong></span> <span class='ocrx_word' id='word_1_189' title='bbox 2345 1020 2650 1082; x_wconf 87' lang='lat' dir='ltr'><strong>consentit.</strong></span> <span class='ocrx_word' id='word_1_190' title='bbox 2685 1032 2739 1074; x_wconf 87' lang='lat' dir='ltr'><strong>et</strong></span> <span class='ocrx_word' id='word_1_191' title='bbox 2766 1028 2912 1076; x_wconf 90' lang='lat' dir='ltr'><strong>tenet</strong></span> <span class='ocrx_word' id='word_1_192' title='bbox 2951 1021 3115 1078; x_wconf 88' lang='lat' dir='ltr'><strong>etiam</strong></span> <span class='ocrx_word' id='word_1_193' title='bbox 3171 1023 3416 1093; x_wconf 81' lang='lat' dir='ltr'><strong>corporis</strong></span> <span class='ocrx_word' id='word_1_194' title='bbox 3465 1021 3750 1080; x_wconf 75' lang='lat' dir='ltr'><strong>membra</strong></span> 
     </span>
    </p>
   </div>
   <div class='ocr_carea' id='block_1_25' title="bbox 2129 1111 3747 1188">
    <p class='ocr_par' dir='ltr' id='par_1_25' title="bbox 2129 1111 3747 1188">
     <span class='ocr_line' id='line_1_25' title="bbox 2129 1111 3747 1188; baseline 0.001 -22"><span class='ocrx_word' id='word_1_195' title='bbox 2129 1127 2197 1166; x_wconf 91' lang='lat' dir='ltr'><strong>ne</strong></span> <span class='ocrx_word' id='word_1_196' title='bbox 2231 1111 2484 1166; x_wconf 88' lang='lat' dir='ltr'><strong>obediant</strong></span> <span class='ocrx_word' id='word_1_197' title='bbox 2511 1113 2792 1168; x_wconf 84' lang='lat' dir='ltr'><strong>desideriis</strong></span> <span class='ocrx_word' id='word_1_198' title='bbox 2811 1113 2948 1184; x_wconf 87' lang='lat' dir='ltr'><strong>ejus,</strong></span> <span class='ocrx_word' id='word_1_199' title='bbox 2971 1115 3102 1184; x_wconf 90' lang='lat' dir='ltr'><strong>quid</strong></span> <span class='ocrx_word' id='word_1_200' title='bbox 3129 1115 3277 1170; x_wconf 89' lang='lat' dir='ltr'><strong>enim</strong></span> <span class='ocrx_word' id='word_1_201' title='bbox 3297 1124 3569 1188; x_wconf 81' lang='lat' dir='ltr'><strong>operatur</strong></span> <span class='ocrx_word' id='word_1_202' title='bbox 3597 1129 3747 1184; x_wconf 80' lang='lat' dir='ltr'><strong>pec-</strong></span> 
     </span>
    </p>
   </div>
   <div class='ocr_carea' id='block_1_26' title="bbox 2130 1203 3746 1270">
    <p class='ocr_par' dir='ltr' id='par_1_26' title="bbox 2130 1203 3746 1270">
     <span class='ocr_line' id='line_1_26' title="bbox 2130 1203 3746 1270; baseline 0.001 -12"><span class='ocrx_word' id='word_1_203' title='bbox 2130 1213 2312 1258; x_wconf 86' lang='lat' dir='ltr'><strong>catum</strong></span> <span class='ocrx_word' id='word_1_204' title='bbox 2362 1203 2667 1258; x_wconf 86' lang='lat' dir='ltr'><strong>nolentibus</strong></span> <span class='ocrx_word' id='word_1_205' title='bbox 2697 1204 2982 1260; x_wconf 76' lang='lat' dir='ltr'><strong>nobisnisi</strong></span> <span class='ocrx_word' id='word_1_206' title='bbox 3019 1205 3190 1260; x_wconf 91' lang='lat' dir='ltr'><strong>solum</strong></span> <span class='ocrx_word' id='word_1_207' title='bbox 3219 1205 3372 1266; x_wconf 78' lang='lat' dir='ltr'><strong>licita</strong></span> <span class='ocrx_word' id='word_1_208' title='bbox 3395 1205 3697 1262; x_wconf 81' lang='lat' dir='ltr'><strong>desideria</strong></span> <span class='ocrx_word' id='word_1_209' title='bbox 3725 1245 3746 1270; x_wconf 83' lang='lat'><strong>,</strong></span> 
     </span>
    </p>
   </div>
   <div class='ocr_carea' id='block_1_27' title="bbox 2129 1292 3748 1363">
    <p class='ocr_par' dir='ltr' id='par_1_27' title="bbox 2129 1292 3748 1363">
     <span class='ocr_line' id='line_1_27' title="bbox 2129 1292 3748 1363; baseline 0.001 -15"><span class='ocrx_word' id='word_1_210' title='bbox 2129 1293 2396 1363; x_wconf 81' lang='lat' dir='ltr'><strong>quibussi</strong></span> <span class='ocrx_word' id='word_1_211' title='bbox 2423 1292 2716 1350; x_wconf 88' lang='lat' dir='ltr'><strong>voluntatis</strong></span> <span class='ocrx_word' id='word_1_212' title='bbox 2739 1310 2847 1348; x_wconf 90' lang='lat' dir='ltr'><strong>non</strong></span> <span class='ocrx_word' id='word_1_213' title='bbox 2875 1295 3197 1350; x_wconf 84' lang='lat' dir='ltr'><strong>adhibeatur</strong></span> <span class='ocrx_word' id='word_1_214' title='bbox 3223 1311 3508 1362; x_wconf 85' lang='lat' dir='ltr'><strong>assensus,</strong></span> <span class='ocrx_word' id='word_1_215' title='bbox 3533 1311 3748 1350; x_wconf 80' lang='lat' dir='ltr'><strong>nmve-</strong></span> 
     </span>
    </p>
   </div>
   <div class='ocr_carea' id='block_1_28' title="bbox 2131 1383 3749 1453">
    <p class='ocr_par' dir='ltr' id='par_1_28' title="bbox 2131 1383 3749 1453">
     <span class='ocr_line' id='line_1_28' title="bbox 2131 1383 3749 1453; baseline -0.001 -13"><span class='ocrx_word' id='word_1_216' title='bbox 2131 1393 2222 1440; x_wconf 90' lang='lat' dir='ltr'><strong>tur</strong></span> <span class='ocrx_word' id='word_1_217' title='bbox 2249 1385 2464 1453; x_wconf 88' lang='lat' dir='ltr'><strong>quidem</strong></span> <span class='ocrx_word' id='word_1_218' title='bbox 2509 1383 2792 1438; x_wconf 84' lang='lat' dir='ltr'><strong>nonnullus</strong></span> <span class='ocrx_word' id='word_1_219' title='bbox 2823 1383 3068 1450; x_wconf 79' lang='lat' dir='ltr'><strong>affectus,</strong></span> <span class='ocrx_word' id='word_1_220' title='bbox 3097 1385 3191 1439; x_wconf 87' lang='lat' dir='ltr'><strong>sed</strong></span> <span class='ocrx_word' id='word_1_221' title='bbox 3221 1385 3396 1440; x_wconf 91' lang='lat' dir='ltr'><strong>nullus</strong></span> <span class='ocrx_word' id='word_1_222' title='bbox 3423 1386 3480 1442; x_wconf 89' lang='lat' dir='ltr'><strong>ei</strong></span> <span class='ocrx_word' id='word_1_223' title='bbox 3509 1385 3749 1440; x_wconf 76' lang='lat' dir='ltr'><strong>relaxa-</strong></span> 
     </span>
    </p>
   </div>
   <div class='ocr_carea' id='block_1_29' title="bbox 2134 1473 3744 1544">
    <p class='ocr_par' dir='ltr' id='par_1_29' title="bbox 2134 1473 3744 1544">
     <span class='ocr_line' id='line_1_29' title="bbox 2134 1473 3744 1544; baseline 0.001 -16"><span class='ocrx_word' id='word_1_224' title='bbox 2134 1483 2220 1528; x_wconf 87' lang='lat' dir='ltr'><strong>tur</strong></span> <span class='ocrx_word' id='word_1_225' title='bbox 2244 1473 2484 1528; x_wconf 77' lang='lat' dir='ltr'><strong>cllectus.</strong></span> <span class='ocrx_word' id='word_1_226' title='bbox 2521 1473 2720 1530; x_wconf 89' lang='lat' dir='ltr'><strong>Motum</strong></span> <span class='ocrx_word' id='word_1_227' title='bbox 2765 1489 2930 1544; x_wconf 88' lang='lat' dir='ltr'><strong>porro</strong></span> <span class='ocrx_word' id='word_1_228' title='bbox 2961 1473 3133 1528; x_wconf 77' lang='lat' dir='ltr'><strong>illiciti</strong></span> <span class='ocrx_word' id='word_1_229' title='bbox 3161 1475 3412 1530; x_wconf 87' lang='lat' dir='ltr'><strong>desiderii</strong></span> <span class='ocrx_word' id='word_1_230' title='bbox 3464 1477 3561 1532; x_wconf 88' lang='lat' dir='ltr'><strong>cui</strong></span> <span class='ocrx_word' id='word_1_231' title='bbox 3621 1491 3744 1534; x_wconf 66' lang='lat' dir='ltr'><strong>non]</strong></span> 
     </span>
    </p>
   </div>
   <div class='ocr_carea' id='block_1_30' title="bbox 2132 1567 3747 1638">
    <p class='ocr_par' dir='ltr' id='par_1_30' title="bbox 2132 1567 3747 1638">
     <span class='ocr_line' id='line_1_30' title="bbox 2132 1567 3747 1638; baseline 0 -16"><span class='ocrx_word' id='word_1_232' title='bbox 2132 1567 2434 1624; x_wconf 88' lang='lat' dir='ltr'><strong>ohediendo</strong></span> <span class='ocrx_word' id='word_1_233' title='bbox 2465 1582 2572 1620; x_wconf 91' lang='lat' dir='ltr'><strong>non</strong></span> <span class='ocrx_word' id='word_1_234' title='bbox 2616 1567 2669 1620; x_wconf 88' lang='lat' dir='ltr'><strong>id</strong></span> <span class='ocrx_word' id='word_1_235' title='bbox 2703 1582 2800 1622; x_wconf 89' lang='lat' dir='ltr'><strong>nos</strong></span> <span class='ocrx_word' id='word_1_236' title='bbox 2849 1582 3168 1636; x_wconf 70' lang='lat' dir='ltr'><strong>operemur,</strong></span> <span class='ocrx_word' id='word_1_237' title='bbox 3196 1567 3318 1622; x_wconf 89' lang='lat' dir='ltr'><strong>ideo</strong></span> <span class='ocrx_word' id='word_1_238' title='bbox 3345 1577 3401 1622; x_wconf 78' lang='lat' dir='ltr'><strong>et</strong></span> <span class='ocrx_word' id='word_1_239' title='bbox 3422 1582 3530 1622; x_wconf 86' lang='lat' dir='ltr'><strong>nos</strong></span> <span class='ocrx_word' id='word_1_240' title='bbox 3555 1583 3747 1638; x_wconf 75' lang='lat' dir='ltr'><strong>agere</strong></span> 
     </span>
    </p>
   </div>
   <div class='ocr_carea' id='block_1_31' title="bbox 2135 1657 3749 1731">
    <p class='ocr_par' dir='ltr' id='par_1_31' title="bbox 2135 1657 3749 1731">
     <span class='ocr_line' id='line_1_31' title="bbox 2135 1657 3749 1731; baseline 0.001 -18"><span class='ocrx_word' id='word_1_241' title='bbox 2135 1659 2384 1722; x_wconf 88' lang='lat' dir='ltr'><strong>dicimur,</strong></span> <span class='ocrx_word' id='word_1_242' title='bbox 2409 1659 2534 1730; x_wconf 87' lang='lat' dir='ltr'><strong>quia</strong></span> <span class='ocrx_word' id='word_1_243' title='bbox 2563 1674 2668 1712; x_wconf 90' lang='lat' dir='ltr'><strong>non</strong></span> <span class='ocrx_word' id='word_1_244' title='bbox 2699 1667 2782 1712; x_wconf 89' lang='lat' dir='ltr'><strong>est</strong></span> <span class='ocrx_word' id='word_1_245' title='bbox 2811 1667 3018 1712; x_wconf 79' lang='lat' dir='ltr'><strong>natura:</strong></span> <span class='ocrx_word' id='word_1_246' title='bbox 3047 1659 3200 1731; x_wconf 80' lang='lat' dir='ltr'><strong>vigor</strong></span> <span class='ocrx_word' id='word_1_247' title='bbox 3226 1657 3434 1722; x_wconf 64' lang='lat' dir='ltr'><strong>aliena.</strong></span> <span class='ocrx_word' id='word_1_248' title='bbox 3473 1659 3572 1714; x_wconf 87' lang='lat' dir='ltr'><strong>sed</strong></span> <span class='ocrx_word' id='word_1_249' title='bbox 3615 1658 3749 1714; x_wconf 72' lang='lat' dir='ltr'><strong>lan-</strong></span> 
     </span>
    </p>
   </div>
   <div class='ocr_carea' id='block_1_32' title="bbox 441 1731 3750 1829">
    <p class='ocr_par' dir='ltr' id='par_1_32' title="bbox 441 1731 3750 1829">
     <span class='ocr_line' id='line_1_32' title="bbox 441 1731 3750 1829; baseline 0.001 -29"><span class='ocrx_word' id='word_1_250' title='bbox 441 1749 636 1818; x_wconf 80' lang='lat' dir='ltr'><strong>potuit,</strong></span> <span class='ocrx_word' id='word_1_251' title='bbox 670 1749 1086 1802; x_wconf 85' lang='lat' dir='ltr'><strong>demonstraret.</strong></span> <span class='ocrx_word' id='word_1_252' title='bbox 1118 1743 1406 1814; x_wconf 66' lang='lat' dir='ltr'><strong>(Cassium)</strong></span> <span class='ocrx_word' id='word_1_253' title='bbox 1427 1741 1678 1799; x_wconf 89' lang='lat' dir='ltr'><strong>Sentiunt</strong></span> <span class='ocrx_word' id='word_1_254' title='bbox 1698 1741 1842 1798; x_wconf 91' lang='lat' dir='ltr'><strong>enim</strong></span> <span class='ocrx_word' id='word_1_255' title='bbox 1857 1742 2027 1796; x_wconf 89' lang='lat' dir='ltr'><strong>sancti</strong></span> <span class='ocrx_word' id='word_1_256' title='bbox 2133 1764 2268 1820; x_wconf 82' lang='lat' dir='ltr'><strong>guor</strong></span> <span class='ocrx_word' id='word_1_257' title='bbox 2295 1757 2379 1816; x_wconf 72' lang='lat' dir='ltr'><strong>est</strong></span> <span class='ocrx_word' id='word_1_258' title='bbox 2425 1755 2624 1804; x_wconf 61' lang='lat' dir='ltr'><strong>nostra:</strong></span> <span class='ocrx_word' id='word_1_259' title='bbox 2649 1787 2665 1813; x_wconf 92' lang='lat'><strong>,</strong></span> <span class='ocrx_word' id='word_1_260' title='bbox 2699 1763 2728 1802; x_wconf 89' lang='lat' dir='ltr'><strong>a</strong></span> <span class='ocrx_word' id='word_1_261' title='bbox 2763 1763 2871 1817; x_wconf 88' lang='lat' dir='ltr'><strong>quo</strong></span> <span class='ocrx_word' id='word_1_262' title='bbox 2915 1748 3173 1819; x_wconf 88' lang='lat' dir='ltr'><strong>languore</strong></span> <span class='ocrx_word' id='word_1_263' title='bbox 3217 1749 3535 1805; x_wconf 89' lang='lat' dir='ltr'><strong>omnimodo</strong></span> <span class='ocrx_word' id='word_1_264' title='bbox 3588 1750 3750 1808; x_wconf 68' lang='lat' dir='ltr'><strong>salvi</strong></span> 
     </span>
    </p>
   </div>
   <div class='ocr_carea' id='block_1_33' title="bbox 445 1835 2024 1908">
    <p class='ocr_par' dir='ltr' id='par_1_33' title="bbox 445 1835 2024 1908">
     <span class='ocr_line' id='line_1_33' title="bbox 445 1835 2024 1908; baseline -0.004 -14"><span class='ocrx_word' id='word_1_265' title='bbox 445 1842 546 1896; x_wconf 90' lang='lat' dir='ltr'><strong>viri</strong></span> <span class='ocrx_word' id='word_1_266' title='bbox 561 1857 621 1896; x_wconf 91' lang='lat' dir='ltr'><strong>se</strong></span> <span class='ocrx_word' id='word_1_267' title='bbox 643 1843 846 1896; x_wconf 90' lang='lat' dir='ltr'><strong>bonum</strong></span> <span class='ocrx_word' id='word_1_268' title='bbox 873 1838 1038 1902; x_wconf 83' lang='lat' dir='ltr'><strong>istud,</strong></span> <span class='ocrx_word' id='word_1_269' title='bbox 1060 1838 1203 1907; x_wconf 90' lang='lat' dir='ltr'><strong>quod</strong></span> <span class='ocrx_word' id='word_1_270' title='bbox 1225 1838 1432 1904; x_wconf 91' lang='lat' dir='ltr'><strong>volunt,</strong></span> <span class='ocrx_word' id='word_1_271' title='bbox 1449 1853 1552 1892; x_wconf 89' lang='lat' dir='ltr'><strong>non</strong></span> <span class='ocrx_word' id='word_1_272' title='bbox 1568 1851 1724 1906; x_wconf 89' lang='lat' dir='ltr'><strong>posse</strong></span> <span class='ocrx_word' id='word_1_273' title='bbox 1739 1835 2024 1908; x_wconf 88' lang='lat' dir='ltr'><strong>perﬁcere,</strong></span> 
     </span>
    </p>
   </div>
   <div class='ocr_carea' id='block_1_34' title="bbox 389 1927 2024 2002">
    <p class='ocr_par' dir='ltr' id='par_1_34' title="bbox 389 1927 2024 2002">
     <span class='ocr_line' id='line_1_34' title="bbox 389 1927 2024 2002; baseline -0.006 -12"><span class='ocrx_word' id='word_1_274' title='bbox 389 1997 392 2000; x_wconf 52' lang='grc'><strong>,</strong></span> <span class='ocrx_word' id='word_1_275' title='bbox 445 1931 540 1990; x_wconf 87' lang='lat' dir='ltr'><strong>sed</strong></span> <span class='ocrx_word' id='word_1_276' title='bbox 557 1934 684 1988; x_wconf 88' lang='lat' dir='ltr'><strong>illud</strong></span> <span class='ocrx_word' id='word_1_277' title='bbox 707 1933 851 2002; x_wconf 88' lang='lat' dir='ltr'><strong>quod</strong></span> <span class='ocrx_word' id='word_1_278' title='bbox 864 1932 1051 1986; x_wconf 89' lang='lat' dir='ltr'><strong>nolunt</strong></span> <span class='ocrx_word' id='word_1_279' title='bbox 1069 1931 1319 2002; x_wconf 87' lang='lat' dir='ltr'><strong>quodque</strong></span> <span class='ocrx_word' id='word_1_280' title='bbox 1339 1930 1570 1984; x_wconf 90' lang='lat' dir='ltr'><strong>oderunt</strong></span> <span class='ocrx_word' id='word_1_281' title='bbox 1590 1927 1813 1994; x_wconf 86' lang='lat' dir='ltr'><strong>malum,</strong></span> <span class='ocrx_word' id='word_1_282' title='bbox 1839 1927 1890 1982; x_wconf 87' lang='lat' dir='ltr'><strong>id</strong></span> <span class='ocrx_word' id='word_1_283' title='bbox 1919 1935 2024 1990; x_wconf 91' lang='lat' dir='ltr'><strong>est,</strong></span> 
     </span>
    </p>
   </div>
   <div class='ocr_carea' id='block_1_35' title="bbox 441 2021 2026 2099">
    <p class='ocr_par' dir='ltr' id='par_1_35' title="bbox 441 2021 2026 2099">
     <span class='ocr_line' id='line_1_35' title="bbox 441 2021 2026 2099; baseline -0.003 -16"><span class='ocrx_word' id='word_1_284' title='bbox 441 2027 830 2098; x_wconf 82' lang='lat' dir='ltr'><strong>cogitationum</strong></span> <span class='ocrx_word' id='word_1_285' title='bbox 884 2034 1062 2080; x_wconf 91' lang='lat' dir='ltr'><strong>motus</strong></span> <span class='ocrx_word' id='word_1_286' title='bbox 1107 2033 1162 2078; x_wconf 88' lang='lat' dir='ltr'><strong>et</strong></span> <span class='ocrx_word' id='word_1_287' title='bbox 1199 2040 1382 2080; x_wconf 87' lang='lat' dir='ltr'><strong>curam</strong></span> <span class='ocrx_word' id='word_1_288' title='bbox 1435 2021 1795 2099; x_wconf 83' lang='lat' dir='ltr'><strong>corporalium</strong></span> <span class='ocrx_word' id='word_1_289' title='bbox 1844 2039 2026 2078; x_wconf 89' lang='lat' dir='ltr'><strong>rerum</strong></span> 
     </span>
    </p>
   </div>
   <div class='ocr_carea' id='block_1_36' title="bbox 441 2116 2028 2190">
    <p class='ocr_par' dir='ltr' id='par_1_36' title="bbox 441 2116 2028 2190">
     <span class='ocr_line' id='line_1_36' title="bbox 441 2116 2028 2190; baseline -0.002 -15"><span class='ocrx_word' id='word_1_290' title='bbox 441 2135 655 2190; x_wconf 85' lang='lat' dir='ltr'><strong>semper</strong></span> <span class='ocrx_word' id='word_1_291' title='bbox 675 2121 986 2184; x_wconf 89' lang='lat' dir='ltr'><strong>incurrere;</strong></span> <span class='ocrx_word' id='word_1_292' title='bbox 1019 2127 1072 2172; x_wconf 90' lang='lat' dir='ltr'><strong>et</strong></span> <span class='ocrx_word' id='word_1_293' title='bbox 1091 2118 1540 2174; x_wconf 85' lang='lat' dir='ltr'><strong>condeleetantur</strong></span> <span class='ocrx_word' id='word_1_294' title='bbox 1567 2117 1782 2188; x_wconf 89' lang='lat' dir='ltr'><strong>quidem</strong></span> <span class='ocrx_word' id='word_1_295' title='bbox 1805 2116 1910 2188; x_wconf 91' lang='lat' dir='ltr'><strong>legi</strong></span> <span class='ocrx_word' id='word_1_296' title='bbox 1931 2117 2028 2172; x_wconf 91' lang='lat' dir='ltr'><strong>Dei</strong></span> 
     </span>
    </p>
   </div>
   <div class='ocr_carea' id='block_1_37' title="bbox 441 2209 2028 2280">
    <p class='ocr_par' dir='ltr' id='par_1_37' title="bbox 441 2209 2028 2280">
     <span class='ocr_line' id='line_1_37' title="bbox 441 2209 2028 2280; baseline -0.001 -14"><span class='ocrx_word' id='word_1_297' title='bbox 441 2211 734 2266; x_wconf 85' lang='lat' dir='ltr'><strong>secundum</strong></span> <span class='ocrx_word' id='word_1_298' title='bbox 762 2209 1072 2266; x_wconf 90' lang='lat' dir='ltr'><strong>interiorem</strong></span> <span class='ocrx_word' id='word_1_299' title='bbox 1097 2210 1391 2276; x_wconf 91' lang='lat' dir='ltr'><strong>hominem,</strong></span> <span class='ocrx_word' id='word_1_300' title='bbox 1415 2209 1505 2280; x_wconf 90' lang='lat' dir='ltr'><strong>qui</strong></span> <span class='ocrx_word' id='word_1_301' title='bbox 1525 2209 1754 2264; x_wconf 88' lang='lat' dir='ltr'><strong>visibilia</strong></span> <span class='ocrx_word' id='word_1_302' title='bbox 1779 2210 2028 2264; x_wconf 79' lang='lat' dir='ltr'><strong>universa</strong></span> 
     </span>
    </p>
   </div>
   <div class='ocr_carea' id='block_1_38' title="bbox 442 2285 2028 2372">
    <p class='ocr_par' dir='ltr' id='par_1_38' title="bbox 442 2285 2028 2372">
     <span class='ocr_line' id='line_1_38' title="bbox 442 2285 2028 2372; baseline 0.003 -18"><span class='ocrx_word' id='word_1_303' title='bbox 442 2285 832 2356; x_wconf 79' lang='lat' dir='ltr'><strong>transcendens</strong></span> <span class='ocrx_word' id='word_1_304' title='bbox 866 2309 1093 2358; x_wconf 90' lang='lat' dir='ltr'><strong>conatur</strong></span> <span class='ocrx_word' id='word_1_305' title='bbox 1139 2302 1249 2358; x_wconf 88' lang='lat' dir='ltr'><strong>Deo</strong></span> <span class='ocrx_word' id='word_1_306' title='bbox 1301 2301 1399 2356; x_wconf 90' lang='lat' dir='ltr'><strong>soli</strong></span> <span class='ocrx_word' id='word_1_307' title='bbox 1454 2317 1671 2372; x_wconf 87' lang='lat' dir='ltr'><strong>semper</strong></span> <span class='ocrx_word' id='word_1_308' title='bbox 1714 2303 1879 2368; x_wconf 90' lang='lat' dir='ltr'><strong>nniri,</strong></span> <span class='ocrx_word' id='word_1_309' title='bbox 1931 2302 2028 2358; x_wconf 87' lang='lat' dir='ltr'><strong>sed</strong></span> 
     </span>
    </p>
   </div>
   <div class='ocr_carea' id='block_1_39' title="bbox 440 2381 2028 2464">
    <p class='ocr_par' dir='ltr' id='par_1_39' title="bbox 440 2381 2028 2464">
     <span class='ocr_line' id='line_1_39' title="bbox 440 2381 2028 2464; baseline 0.004 -20"><span class='ocrx_word' id='word_1_310' title='bbox 440 2392 623 2446; x_wconf 89' lang='lat' dir='ltr'><strong>vident</strong></span> <span class='ocrx_word' id='word_1_311' title='bbox 648 2381 810 2446; x_wconf 89' lang='lat' dir='ltr'><strong>aliam</strong></span> <span class='ocrx_word' id='word_1_312' title='bbox 833 2392 1001 2464; x_wconf 78' lang='lat' dir='ltr'><strong>legem</strong></span> <span class='ocrx_word' id='word_1_313' title='bbox 1031 2393 1084 2446; x_wconf 90' lang='lat' dir='ltr'><strong>in</strong></span> <span class='ocrx_word' id='word_1_314' title='bbox 1109 2394 1364 2448; x_wconf 88' lang='lat' dir='ltr'><strong>membris</strong></span> <span class='ocrx_word' id='word_1_315' title='bbox 1387 2394 1522 2461; x_wconf 87' lang='lat' dir='ltr'><strong>suis,</strong></span> <span class='ocrx_word' id='word_1_316' title='bbox 1545 2394 1597 2450; x_wconf 91' lang='lat' dir='ltr'><strong>id</strong></span> <span class='ocrx_word' id='word_1_317' title='bbox 1621 2403 1726 2460; x_wconf 82' lang='lat' dir='ltr'><strong>est,</strong></span> <span class='ocrx_word' id='word_1_318' title='bbox 1751 2395 1804 2449; x_wconf 90' lang='lat' dir='ltr'><strong>in</strong></span> <span class='ocrx_word' id='word_1_319' title='bbox 1833 2402 2028 2450; x_wconf 84' lang='lat' dir='ltr'><strong>natura</strong></span> 
     </span>
    </p>
   </div>
   <div class='ocr_carea' id='block_1_40' title="bbox 443 2484 2028 2558">
    <p class='ocr_par' dir='ltr' id='par_1_40' title="bbox 443 2484 2028 2558">
     <span class='ocr_line' id='line_1_40' title="bbox 443 2484 2028 2558; baseline 0.003 -20"><span class='ocrx_word' id='word_1_320' title='bbox 443 2484 694 2538; x_wconf 70' lang='lat' dir='ltr'><strong>humanae</strong></span> <span class='ocrx_word' id='word_1_321' title='bbox 751 2485 1077 2540; x_wconf 89' lang='lat' dir='ltr'><strong>conditionis</strong></span> <span class='ocrx_word' id='word_1_322' title='bbox 1126 2486 1387 2542; x_wconf 89' lang='lat' dir='ltr'><strong>insertam</strong></span> <span class='ocrx_word' id='word_1_323' title='bbox 1413 2528 1428 2554; x_wconf 92' lang='lat'><strong>,</strong></span> <span class='ocrx_word' id='word_1_324' title='bbox 1471 2501 1590 2557; x_wconf 75' lang='lat' dir='ltr'><strong>quae</strong></span> <span class='ocrx_word' id='word_1_325' title='bbox 1622 2496 1884 2558; x_wconf 85' lang='lat' dir='ltr'><strong>repugnat</strong></span> <span class='ocrx_word' id='word_1_326' title='bbox 1923 2487 2028 2558; x_wconf 85' lang='lat' dir='ltr'><strong>legi</strong></span> 
     </span>
    </p>
   </div>
   <div class='ocr_carea' id='block_1_41' title="bbox 443 2579 2090 2656">
    <p class='ocr_par' dir='ltr' id='par_1_41' title="bbox 443 2579 2090 2656">
     <span class='ocr_line' id='line_1_41' title="bbox 443 2579 2090 2656; baseline 0.002 -24"><span class='ocrx_word' id='word_1_327' title='bbox 443 2579 638 2656; x_wconf 86' lang='lat' dir='ltr'><strong>mentis</strong></span> <span class='ocrx_word' id='word_1_328' title='bbox 655 2593 863 2644; x_wconf 87' lang='lat' dir='ltr'><strong>eorum,</strong></span> <span class='ocrx_word' id='word_1_329' title='bbox 894 2587 950 2639; x_wconf 86' lang='lat' dir='ltr'><strong>et</strong></span> <span class='ocrx_word' id='word_1_330' title='bbox 969 2580 1238 2650; x_wconf 88' lang='lat' dir='ltr'><strong>captivum</strong></span> <span class='ocrx_word' id='word_1_331' title='bbox 1265 2580 1532 2650; x_wconf 87' lang='lat' dir='ltr'><strong>pertrahit</strong></span> <span class='ocrx_word' id='word_1_332' title='bbox 1561 2579 2044 2656; x_wconf 27' lang='lat' dir='ltr'><strong>sensumviolenta.</strong></span> <span class='ocrx_word' id='word_1_333' title='bbox 2081 2618 2090 2626; x_wconf 83' lang='lat'><em>-</em></span> 
     </span>
    </p>
   </div>
   <div class='ocr_carea' id='block_1_42' title="bbox 448 2653 2028 2742">
    <p class='ocr_par' dir='ltr' id='par_1_42' title="bbox 448 2653 2028 2742">
     <span class='ocr_line' id='line_1_42' title="bbox 448 2653 2028 2742; baseline 0.004 -22"><span class='ocrx_word' id='word_1_334' title='bbox 448 2653 567 2742; x_wconf 79' lang='lat' dir='ltr'><strong>lege</strong></span> <span class='ocrx_word' id='word_1_335' title='bbox 581 2669 812 2738; x_wconf 85' lang='lat' dir='ltr'><strong>peccati,</strong></span> <span class='ocrx_word' id='word_1_336' title='bbox 828 2667 1154 2738; x_wconf 84' lang='lat' dir='ltr'><strong>compellens</strong></span> <span class='ocrx_word' id='word_1_337' title='bbox 1167 2670 1378 2726; x_wconf 85' lang='lat' dir='ltr'><strong>scilicet</strong></span> <span class='ocrx_word' id='word_1_338' title='bbox 1399 2685 1544 2734; x_wconf 90' lang='lat' dir='ltr'><strong>eum,</strong></span> <span class='ocrx_word' id='word_1_339' title='bbox 1565 2669 1754 2726; x_wconf 88' lang='lat' dir='ltr'><strong>relicto</strong></span> <span class='ocrx_word' id='word_1_340' title='bbox 1775 2670 1864 2731; x_wconf 85' lang='lat' dir='ltr'><strong>illo</strong></span> <span class='ocrx_word' id='word_1_341' title='bbox 1881 2671 2028 2739; x_wconf 82' lang='lat' dir='ltr'><strong>prin-</strong></span> 
     </span>
    </p>
   </div>
   <div class='ocr_carea' id='block_1_43' title="bbox 446 2749 2030 2832">
    <p class='ocr_par' dir='ltr' id='par_1_43' title="bbox 446 2749 2030 2832">
     <span class='ocr_line' id='line_1_43' title="bbox 446 2749 2030 2832; baseline 0.003 -20"><span class='ocrx_word' id='word_1_342' title='bbox 446 2759 604 2832; x_wconf 83' lang='lat' dir='ltr'><strong>eipali</strong></span> <span class='ocrx_word' id='word_1_343' title='bbox 626 2749 790 2826; x_wconf 88' lang='lat' dir='ltr'><strong>bono,</strong></span> <span class='ocrx_word' id='word_1_344' title='bbox 804 2768 1018 2816; x_wconf 90' lang='lat' dir='ltr'><strong>terrena</strong></span> <span class='ocrx_word' id='word_1_345' title='bbox 1033 2763 1358 2832; x_wconf 88' lang='lat' dir='ltr'><strong>cogitatione</strong></span> <span class='ocrx_word' id='word_1_346' title='bbox 1371 2761 1768 2830; x_wconf 73' lang='lat' dir='ltr'><strong>submitti.Quae</strong></span> <span class='ocrx_word' id='word_1_347' title='bbox 1782 2763 2030 2832; x_wconf 84' lang='lat' dir='ltr'><strong>quamvis</strong></span> 
     </span>
    </p>
   </div>
   <div class='ocr_carea' id='block_1_44' title="bbox 445 2852 2030 2934">
    <p class='ocr_par' dir='ltr' id='par_1_44' title="bbox 445 2852 2030 2934">
     <span class='ocr_line' id='line_1_44' title="bbox 445 2852 2030 2934; baseline 0.004 -31"><span class='ocrx_word' id='word_1_348' title='bbox 445 2852 752 2934; x_wconf 78' lang='lat' dir='ltr'><strong>necessaria</strong></span> <span class='ocrx_word' id='word_1_349' title='bbox 784 2860 947 2921; x_wconf 86' lang='lat' dir='ltr'><strong>atque</strong></span> <span class='ocrx_word' id='word_1_350' title='bbox 976 2854 1188 2922; x_wconf 88' lang='lat' dir='ltr'><strong>corpori</strong></span> <span class='ocrx_word' id='word_1_351' title='bbox 1207 2853 1356 2908; x_wconf 90' lang='lat' dir='ltr'><strong>utilis</strong></span> <span class='ocrx_word' id='word_1_352' title='bbox 1371 2853 1640 2920; x_wconf 83' lang='lat' dir='ltr'><strong>videatur,</strong></span> <span class='ocrx_word' id='word_1_353' title='bbox 1667 2869 1788 2908; x_wconf 92' lang='lat' dir='ltr'><strong>cum</strong></span> <span class='ocrx_word' id='word_1_354' title='bbox 1813 2854 2030 2924; x_wconf 89' lang='lat' dir='ltr'><strong>dispen-</strong></span> 
     </span>
    </p>
   </div>
   <div class='ocr_carea' id='block_1_45' title="bbox 443 2939 2028 3016">
    <p class='ocr_par' dir='ltr' id='par_1_45' title="bbox 443 2939 2028 3016">
     <span class='ocr_line' id='line_1_45' title="bbox 443 2939 2028 3016; baseline 0.004 -22"><span class='ocrx_word' id='word_1_355' title='bbox 443 2941 652 2996; x_wconf 77' lang='lat' dir='ltr'><strong>satione</strong></span> <span class='ocrx_word' id='word_1_356' title='bbox 680 2939 944 3011; x_wconf 67' lang='lat' dir='ltr'><strong>religiosae</strong></span> <span class='ocrx_word' id='word_1_357' title='bbox 964 2943 1265 3014; x_wconf 86' lang='lat' dir='ltr'><strong>cujuspiam</strong></span> <span class='ocrx_word' id='word_1_358' title='bbox 1297 2945 1637 3000; x_wconf 84' lang='lat' dir='ltr'><strong>necessitatis</strong></span> <span class='ocrx_word' id='word_1_359' title='bbox 1658 2945 1988 3016; x_wconf 74' lang='lat' dir='ltr'><strong>impenditur</strong></span> <span class='ocrx_word' id='word_1_360' title='bbox 2010 2985 2028 3012; x_wconf 93' lang='lat'><strong>,</strong></span> 
     </span>
    </p>
   </div>
   <div class='ocr_carea' id='block_1_46' title="bbox 445 3031 2028 3110">
    <p class='ocr_par' dir='ltr' id='par_1_46' title="bbox 445 3031 2028 3110">
     <span class='ocr_line' id='line_1_46' title="bbox 445 3031 2028 3110; baseline 0.004 -25"><span class='ocrx_word' id='word_1_361' title='bbox 445 3031 852 3104; x_wconf 84' lang='lat' dir='ltr'><strong>comparatione</strong></span> <span class='ocrx_word' id='word_1_362' title='bbox 904 3043 1086 3090; x_wconf 89' lang='lat' dir='ltr'><strong>tamen</strong></span> <span class='ocrx_word' id='word_1_363' title='bbox 1141 3035 1282 3090; x_wconf 91' lang='lat' dir='ltr'><strong>illius</strong></span> <span class='ocrx_word' id='word_1_364' title='bbox 1339 3037 1470 3092; x_wconf 89' lang='lat' dir='ltr'><strong>boni</strong></span> <span class='ocrx_word' id='word_1_365' title='bbox 1521 3038 1665 3110; x_wconf 91' lang='lat' dir='ltr'><strong>quod</strong></span> <span class='ocrx_word' id='word_1_366' title='bbox 1714 3046 2028 3092; x_wconf 87' lang='lat' dir='ltr'><strong>sanctorum</strong></span> 
     </span>
    </p>
   </div>
   <div class='ocr_carea' id='block_1_47' title="bbox 445 3124 2032 3200">
    <p class='ocr_par' dir='ltr' id='par_1_47' title="bbox 445 3124 2032 3200">
     <span class='ocr_line' id='line_1_47' title="bbox 445 3124 2032 3200; baseline 0.006 -21"><span class='ocrx_word' id='word_1_367' title='bbox 445 3124 686 3179; x_wconf 90' lang='lat' dir='ltr'><strong>omnium</strong></span> <span class='ocrx_word' id='word_1_368' title='bbox 715 3125 952 3180; x_wconf 85' lang='lat' dir='ltr'><strong>oblectat</strong></span> <span class='ocrx_word' id='word_1_369' title='bbox 985 3128 1260 3194; x_wconf 89' lang='lat' dir='ltr'><strong>intuitum,</strong></span> <span class='ocrx_word' id='word_1_370' title='bbox 1313 3129 1452 3184; x_wconf 88' lang='lat' dir='ltr'><strong>mala</strong></span> <span class='ocrx_word' id='word_1_371' title='bbox 1504 3131 1692 3200; x_wconf 89' lang='lat' dir='ltr'><strong>utique</strong></span> <span class='ocrx_word' id='word_1_372' title='bbox 1737 3131 1805 3186; x_wconf 88' lang='lat' dir='ltr'><strong>ab</strong></span> <span class='ocrx_word' id='word_1_373' title='bbox 1850 3131 1928 3186; x_wconf 90' lang='lat' dir='ltr'><strong>eis</strong></span> <span class='ocrx_word' id='word_1_374' title='bbox 1967 3146 2032 3188; x_wconf 87' lang='lat' dir='ltr'><strong>ac</strong></span> 
     </span>
    </p>
   </div>
   <div class='ocr_carea' id='block_1_48' title="bbox 448 3213 2031 3296">
    <p class='ocr_par' dir='ltr' id='par_1_48' title="bbox 448 3213 2031 3296">
     <span class='ocr_line' id='line_1_48' title="bbox 448 3213 2031 3296; baseline 0.004 -28"><span class='ocrx_word' id='word_1_375' title='bbox 448 3213 702 3296; x_wconf 76' lang='lat' dir='ltr'><strong>fugienda</strong></span> <span class='ocrx_word' id='word_1_376' title='bbox 731 3215 1078 3282; x_wconf 86' lang='lat' dir='ltr'><strong>decernitur,</strong></span> <span class='ocrx_word' id='word_1_377' title='bbox 1108 3217 1196 3286; x_wconf 86' lang='lat' dir='ltr'><strong>qui</strong></span> <span class='ocrx_word' id='word_1_378' title='bbox 1225 3233 1487 3290; x_wconf 87' lang='lat' dir='ltr'><strong>peream,</strong></span> <span class='ocrx_word' id='word_1_379' title='bbox 1514 3233 1730 3290; x_wconf 90' lang='lat' dir='ltr'><strong>quoquo</strong></span> <span class='ocrx_word' id='word_1_380' title='bbox 1759 3219 1919 3274; x_wconf 88' lang='lat' dir='ltr'><strong>modo</strong></span> <span class='ocrx_word' id='word_1_381' title='bbox 1945 3221 2031 3276; x_wconf 88' lang='lat' dir='ltr'><strong>vel</strong></span> 
     </span>
    </p>
   </div>
   <div class='ocr_carea' id='block_1_49' title="bbox 449 3295 2034 3380">
    <p class='ocr_par' dir='ltr' id='par_1_49' title="bbox 449 3295 2034 3380">
     <span class='ocr_line' id='line_1_49' title="bbox 449 3295 2034 3380; baseline 0.004 -18"><span class='ocrx_word' id='word_1_382' title='bbox 449 3309 518 3362; x_wconf 91' lang='lat' dir='ltr'><strong>ad</strong></span> <span class='ocrx_word' id='word_1_383' title='bbox 546 3295 816 3365; x_wconf 77' lang='lat' dir='ltr'><strong>modiCmu</strong></span> <span class='ocrx_word' id='word_1_384' title='bbox 861 3317 1088 3380; x_wconf 88' lang='lat' dir='ltr'><strong>tempus,</strong></span> <span class='ocrx_word' id='word_1_385' title='bbox 1123 3311 1190 3364; x_wconf 85' lang='lat' dir='ltr'><strong>ab</strong></span> <span class='ocrx_word' id='word_1_386' title='bbox 1225 3309 1368 3364; x_wconf 90' lang='lat' dir='ltr'><strong>illius</strong></span> <span class='ocrx_word' id='word_1_387' title='bbox 1395 3307 1647 3379; x_wconf 64' lang='lat' dir='ltr'><strong>perfectae</strong></span> <span class='ocrx_word' id='word_1_388' title='bbox 1681 3310 2034 3370; x_wconf 87' lang='lat' dir='ltr'><strong>beatitudinis</strong></span> 
     </span>
    </p>
   </div>
   <div class='ocr_carea' id='block_1_50' title="bbox 447 3387 2028 3476">
    <p class='ocr_par' dir='ltr' id='par_1_50' title="bbox 447 3387 2028 3476">
     <span class='ocr_line' id='line_1_50' title="bbox 447 3387 2028 3476; baseline 0.005 -26"><span class='ocrx_word' id='word_1_389' title='bbox 447 3387 646 3468; x_wconf 80' lang='lat' dir='ltr'><strong>gaudio</strong></span> <span class='ocrx_word' id='word_1_390' title='bbox 697 3399 1067 3476; x_wconf 79' lang='lat' dir='ltr'><strong>retrahuntur.</strong></span> <span class='ocrx_word' id='word_1_391' title='bbox 1123 3401 1261 3457; x_wconf 74' lang='lat' dir='ltr'><strong>Vere</strong></span> <span class='ocrx_word' id='word_1_392' title='bbox 1322 3389 1605 3456; x_wconf 65' lang='lat' dir='ltr'><strong>enim&#39;lex</strong></span> <span class='ocrx_word' id='word_1_393' title='bbox 1649 3403 1864 3472; x_wconf 88' lang='lat' dir='ltr'><strong>peccati</strong></span> <span class='ocrx_word' id='word_1_394' title='bbox 1907 3412 2028 3470; x_wconf 91' lang='lat' dir='ltr'><strong>est,</strong></span> 
     </span>
    </p>
   </div>
   <div class='ocr_carea' id='block_1_51' title="bbox 447 3491 2035 3573">
    <p class='ocr_par' dir='ltr' id='par_1_51' title="bbox 447 3491 2035 3573">
     <span class='ocr_line' id='line_1_51' title="bbox 447 3491 2035 3573; baseline 0.006 -30"><span class='ocrx_word' id='word_1_395' title='bbox 447 3506 610 3561; x_wconf 90' lang='lat' dir='ltr'><strong>quam</strong></span> <span class='ocrx_word' id='word_1_396' title='bbox 635 3491 872 3548; x_wconf 86' lang='lat' dir='ltr'><strong>humano</strong></span> <span class='ocrx_word' id='word_1_397' title='bbox 891 3495 1072 3573; x_wconf 77' lang='lat' dir='ltr'><strong>generi</strong></span> <span class='ocrx_word' id='word_1_398' title='bbox 1101 3495 1473 3566; x_wconf 68' lang='lat' dir='ltr'><strong>praevaricatio</strong></span> <span class='ocrx_word' id='word_1_399' title='bbox 1501 3496 1586 3552; x_wconf 90' lang='lat' dir='ltr'><strong>sui</strong></span> <span class='ocrx_word' id='word_1_400' title='bbox 1609 3496 1823 3554; x_wconf 85' lang='lat' dir='ltr'><strong>induxit</strong></span> <span class='ocrx_word' id='word_1_401' title='bbox 1847 3506 2035 3552; x_wconf 91' lang='lat' dir='ltr'><strong>aucto-</strong></span> 
     </span>
    </p>
   </div>
   <div class='ocr_carea' id='block_1_52' title="bbox 450 3581 2050 3663">
    <p class='ocr_par' dir='ltr' id='par_1_52' title="bbox 450 3581 2050 3663">
     <span class='ocr_line' id='line_1_52' title="bbox 450 3581 2050 3663; baseline 0.004 -28"><span class='ocrx_word' id='word_1_402' title='bbox 450 3581 546 3647; x_wconf 89' lang='lat' dir='ltr'><strong>ris,</strong></span> <span class='ocrx_word' id='word_1_403' title='bbox 569 3582 828 3653; x_wconf 88' lang='lat' dir='ltr'><strong>perillins</strong></span> <span class='ocrx_word' id='word_1_404' title='bbox 862 3601 1081 3652; x_wconf 81' lang='lat' dir='ltr'><strong>noxam,</strong></span> <span class='ocrx_word' id='word_1_405' title='bbox 1107 3587 1160 3642; x_wconf 93' lang='lat' dir='ltr'><strong>in</strong></span> <span class='ocrx_word' id='word_1_406' title='bbox 1189 3603 1350 3658; x_wconf 92' lang='lat' dir='ltr'><strong>quem</strong></span> <span class='ocrx_word' id='word_1_407' title='bbox 1385 3589 1492 3642; x_wconf 82' lang='lat' dir='ltr'><strong>lata</strong></span> <span class='ocrx_word' id='word_1_408' title='bbox 1513 3598 1596 3663; x_wconf 82' lang='lat' dir='ltr'><strong>est</strong></span> <span class='ocrx_word' id='word_1_409' title='bbox 1621 3589 1916 3660; x_wconf 58' lang='lat' dir='ltr'><strong>aequissimi</strong></span> <span class='ocrx_word' id='word_1_410' title='bbox 1939 3588 2050 3662; x_wconf 35' lang='grc' dir='ltr'><strong>,ᾖα-ι</strong></span> 
     </span>
    </p>
   </div>
   <div class='ocr_carea' id='block_1_53' title="bbox 449 3673 2034 3752">
    <p class='ocr_par' dir='ltr' id='par_1_53' title="bbox 449 3673 2034 3752">
     <span class='ocr_line' id='line_1_53' title="bbox 449 3673 2034 3752; baseline 0.005 -24"><span class='ocrx_word' id='word_1_411' title='bbox 449 3673 587 3728; x_wconf 85' lang='lat' dir='ltr'><strong>dicis</strong></span> <span class='ocrx_word' id='word_1_412' title='bbox 616 3673 705 3728; x_wconf 89' lang='lat' dir='ltr'><strong>illa</strong></span> <span class='ocrx_word' id='word_1_413' title='bbox 730 3677 997 3730; x_wconf 86' lang='lat' dir='ltr'><strong>sententia</strong></span> <span class='ocrx_word' id='word_1_414' title='bbox 1031 3696 1044 3732; x_wconf 91' lang='lat'><strong>:</strong></span> <span class='ocrx_word' id='word_1_415' title='bbox 1075 3673 1360 3734; x_wconf 79' lang='lat' dir='ltr'><strong>Maledicta</strong></span> <span class='ocrx_word' id='word_1_416' title='bbox 1382 3691 1521 3734; x_wconf 84' lang='lat' dir='ltr'><strong>terra</strong></span> <span class='ocrx_word' id='word_1_417' title='bbox 1547 3681 1604 3734; x_wconf 86' lang='lat' dir='ltr'><strong>in</strong></span> <span class='ocrx_word' id='word_1_418' title='bbox 1624 3681 1863 3752; x_wconf 82' lang='lat' dir='ltr'><strong>operibus</strong></span> <span class='ocrx_word' id='word_1_419' title='bbox 1889 3683 1990 3736; x_wconf 76' lang='lat' dir='ltr'><strong>tuis</strong></span> <span class='ocrx_word' id='word_1_420' title='bbox 2014 3699 2034 3751; x_wconf 74' lang='lat'><strong>,&#39;</strong></span> 
     </span>
    </p>
   </div>
   <div class='ocr_carea' id='block_1_54' title="bbox 448 3765 2034 3840">
    <p class='ocr_par' dir='ltr' id='par_1_54' title="bbox 448 3765 2034 3840">
     <span class='ocr_line' id='line_1_54' title="bbox 448 3765 2034 3840; baseline 0.006 -22"><span class='ocrx_word' id='word_1_421' title='bbox 448 3765 627 3838; x_wconf 78' lang='lat' dir='ltr'><strong>spinas</strong></span> <span class='ocrx_word' id='word_1_422' title='bbox 660 3776 706 3838; x_wconf 76' lang='lat' dir='ltr'><strong>et</strong></span> <span class='ocrx_word' id='word_1_423' title='bbox 739 3767 960 3822; x_wconf 81' lang='lat' dir='ltr'><strong>tribulos</strong></span> <span class='ocrx_word' id='word_1_424' title='bbox 998 3766 1306 3840; x_wconf 84' lang='lat' dir='ltr'><strong>germinabit</strong></span> <span class='ocrx_word' id='word_1_425' title='bbox 1335 3771 1448 3836; x_wconf 85' lang='lat' dir='ltr'><strong>tibi,</strong></span> <span class='ocrx_word' id='word_1_426' title='bbox 1482 3779 1532 3824; x_wconf 88' lang='lat' dir='ltr'><strong>et</strong></span> <span class='ocrx_word' id='word_1_427' title='bbox 1567 3771 1622 3824; x_wconf 87' lang='lat' dir='ltr'><strong>in</strong></span> <span class='ocrx_word' id='word_1_428' title='bbox 1646 3771 1838 3828; x_wconf 69' lang='lat' dir='ltr'><strong>sudore</strong></span> <span class='ocrx_word' id='word_1_429' title='bbox 1863 3770 2034 3826; x_wconf 74' lang='lat' dir='ltr'><strong>vultus</strong></span> 
     </span>
    </p>
   </div>
   <div class='ocr_carea' id='block_1_55' title="bbox 449 3845 2038 3932">
    <p class='ocr_par' dir='ltr' id='par_1_55' title="bbox 449 3845 2038 3932">
     <span class='ocr_line' id='line_1_55' title="bbox 449 3845 2038 3932; baseline 0.006 -24"><span class='ocrx_word' id='word_1_430' title='bbox 449 3855 527 3909; x_wconf 85' lang='lat' dir='ltr'><strong>tui</strong></span> <span class='ocrx_word' id='word_1_431' title='bbox 568 3856 687 3910; x_wconf 77' lang='lat' dir='ltr'><strong>edes</strong></span> <span class='ocrx_word' id='word_1_432' title='bbox 731 3874 918 3926; x_wconf 82' lang='lat' dir='ltr'><strong>panem</strong></span> <span class='ocrx_word' id='word_1_433' title='bbox 959 3869 1106 3912; x_wconf 85' lang='lat' dir='ltr'><strong>tuum</strong></span> <span class='ocrx_word' id='word_1_434' title='bbox 1137 3845 1291 3929; x_wconf 79' lang='lat' dir='ltr'><strong>(Gen.</strong></span> <span class='ocrx_word' id='word_1_435' title='bbox 1338 3861 1444 3931; x_wconf 87' lang='grc' dir='ltr'>ιιι).</span> <span class='ocrx_word' id='word_1_436' title='bbox 1502 3861 1646 3929; x_wconf 78' lang='lat' dir='ltr'><strong>llaec,</strong></span> <span class='ocrx_word' id='word_1_437' title='bbox 1679 3863 1923 3932; x_wconf 88' lang='lat' dir='ltr'><strong>inquam,</strong></span> <span class='ocrx_word' id='word_1_438' title='bbox 1953 3871 2038 3918; x_wconf 89' lang='lat' dir='ltr'><strong>est</strong></span> 
     </span>
    </p>
   </div>
   <div class='ocr_carea' id='block_1_56' title="bbox 447 3943 2034 4026">
    <p class='ocr_par' dir='ltr' id='par_1_56' title="bbox 447 3943 2034 4026">
     <span class='ocr_line' id='line_1_56' title="bbox 447 3943 2034 4026; baseline 0.006 -27"><span class='ocrx_word' id='word_1_439' title='bbox 447 3943 536 4000; x_wconf 82' lang='lat' dir='ltr'><strong>lex</strong></span> <span class='ocrx_word' id='word_1_440' title='bbox 575 3947 832 4003; x_wconf 86' lang='lat' dir='ltr'><strong>membris</strong></span> <span class='ocrx_word' id='word_1_441' title='bbox 881 3950 1122 4004; x_wconf 91' lang='lat' dir='ltr'><strong>omnium</strong></span> <span class='ocrx_word' id='word_1_442' title='bbox 1173 3951 1374 4005; x_wconf 80' lang='lat' dir='ltr'><strong>inserta</strong></span> <span class='ocrx_word' id='word_1_443' title='bbox 1403 3952 1749 4020; x_wconf 83' lang='lat' dir='ltr'><strong>mortalium,</strong></span> <span class='ocrx_word' id='word_1_444' title='bbox 1781 3969 1903 4026; x_wconf 83' lang='lat' dir='ltr'><strong>quae</strong></span> <span class='ocrx_word' id='word_1_445' title='bbox 1943 3969 2034 4009; x_wconf 87' lang='lat' dir='ltr'><strong>re-</strong></span> 
     </span>
    </p>
   </div>
   <div class='ocr_carea' id='block_1_57' title="bbox 448 4036 2037 4115">
    <p class='ocr_par' dir='ltr' id='par_1_57' title="bbox 448 4036 2037 4115">
     <span class='ocr_line' id='line_1_57' title="bbox 448 4036 2037 4115; baseline 0.008 -25"><span class='ocrx_word' id='word_1_446' title='bbox 448 4047 652 4108; x_wconf 81' lang='lat' dir='ltr'><strong>pugnat</strong></span> <span class='ocrx_word' id='word_1_447' title='bbox 707 4036 811 4110; x_wconf 87' lang='lat' dir='ltr'><strong>legi</strong></span> <span class='ocrx_word' id='word_1_448' title='bbox 866 4041 1064 4096; x_wconf 89' lang='lat' dir='ltr'><strong>mentis</strong></span> <span class='ocrx_word' id='word_1_449' title='bbox 1113 4053 1314 4098; x_wconf 65' lang='lat' dir='ltr'><strong>nostra:</strong></span> <span class='ocrx_word' id='word_1_450' title='bbox 1353 4060 1581 4115; x_wconf 84' lang='lat' dir='ltr'><strong>eamque</strong></span> <span class='ocrx_word' id='word_1_451' title='bbox 1619 4061 1650 4100; x_wconf 91' lang='lat' dir='ltr'><strong>a</strong></span> <span class='ocrx_word' id='word_1_452' title='bbox 1680 4046 1861 4104; x_wconf 88' lang='lat' dir='ltr'><strong>divino</strong></span> <span class='ocrx_word' id='word_1_453' title='bbox 1887 4055 2037 4104; x_wconf 85' lang='lat' dir='ltr'><strong>arcet</strong></span> 
     </span>
    </p>
   </div>
   <div class='ocr_carea' id='block_1_58' title="bbox 450 4129 2037 4210">
    <p class='ocr_par' dir='ltr' id='par_1_58' title="bbox 450 4129 2037 4210">
     <span class='ocr_line' id='line_1_58' title="bbox 450 4129 2037 4210; baseline 0.007 -28"><span class='ocrx_word' id='word_1_454' title='bbox 450 4129 673 4194; x_wconf 90' lang='lat' dir='ltr'><strong>intuitu,</strong></span> <span class='ocrx_word' id='word_1_455' title='bbox 705 4132 1125 4200; x_wconf 76' lang='lat' dir='ltr'><strong>qtuemaledicta</strong></span> <span class='ocrx_word' id='word_1_456' title='bbox 1152 4141 1296 4189; x_wconf 89' lang='lat' dir='ltr'><strong>terra</strong></span> <span class='ocrx_word' id='word_1_457' title='bbox 1327 4135 1381 4192; x_wconf 89' lang='lat' dir='ltr'><strong>in</strong></span> <span class='ocrx_word' id='word_1_458' title='bbox 1408 4137 1664 4208; x_wconf 84' lang='lat' dir='ltr'><strong>operibus</strong></span> <span class='ocrx_word' id='word_1_459' title='bbox 1693 4140 1893 4202; x_wconf 83' lang='lat' dir='ltr'><strong>nostris</strong></span> <span class='ocrx_word' id='word_1_460' title='bbox 1911 4145 2037 4210; x_wconf 91' lang='lat' dir='ltr'><strong>post</strong></span> 
     </span>
    </p>
   </div>
   <div class='ocr_carea' id='block_1_59' title="bbox 450 4213 2038 4306">
    <p class='ocr_par' dir='ltr' id='par_1_59' title="bbox 450 4213 2038 4306">
     <span class='ocr_line' id='line_1_59' title="bbox 450 4213 2038 4306; baseline 0.006 -32"><span class='ocrx_word' id='word_1_461' title='bbox 450 4213 778 4292; x_wconf 86' lang='lat' dir='ltr'><strong>agnitionem</strong></span> <span class='ocrx_word' id='word_1_462' title='bbox 821 4224 944 4306; x_wconf 82' lang='lat' dir='ltr'><strong>boni</strong></span> <span class='ocrx_word' id='word_1_463' title='bbox 989 4240 1050 4278; x_wconf 86' lang='lat' dir='ltr'><strong>ac</strong></span> <span class='ocrx_word' id='word_1_464' title='bbox 1076 4225 1200 4279; x_wconf 90' lang='lat' dir='ltr'><strong>mali</strong></span> <span class='ocrx_word' id='word_1_465' title='bbox 1225 4227 1612 4298; x_wconf 87' lang='lat' dir='ltr'><strong>cogitationum</strong></span> <span class='ocrx_word' id='word_1_466' title='bbox 1649 4230 1834 4300; x_wconf 86' lang='lat' dir='ltr'><strong>spinas</strong></span> <span class='ocrx_word' id='word_1_467' title='bbox 1873 4230 2038 4302; x_wconf 70' lang='lat' dir='ltr'><strong>cmpit</strong></span> 
     </span>
    </p>
   </div>
   <div class='ocr_carea' id='block_1_60' title="bbox 453 4307 2033 4394">
    <p class='ocr_par' dir='ltr' id='par_1_60' title="bbox 453 4307 2033 4394">
     <span class='ocr_line' id='line_1_60' title="bbox 453 4307 2033 4394; baseline 0.006 -28"><span class='ocrx_word' id='word_1_468' title='bbox 453 4328 518 4367; x_wconf 90' lang='lat' dir='ltr'><strong>ac</strong></span> <span class='ocrx_word' id='word_1_469' title='bbox 549 4312 774 4368; x_wconf 87' lang='lat' dir='ltr'><strong>tribulos</strong></span> <span class='ocrx_word' id='word_1_470' title='bbox 790 4307 1125 4394; x_wconf 73' lang='lat' dir='ltr'><strong>germinare,</strong></span> <span class='ocrx_word' id='word_1_471' title='bbox 1153 4333 1386 4388; x_wconf 87' lang='lat' dir='ltr'><strong>quarum</strong></span> <span class='ocrx_word' id='word_1_472' title='bbox 1413 4319 1586 4391; x_wconf 81' lang='lat' dir='ltr'><strong>aculei</strong></span> <span class='ocrx_word' id='word_1_473' title='bbox 1624 4321 1820 4384; x_wconf 84' lang='lat' dir='ltr'><strong>natalia</strong></span> <span class='ocrx_word' id='word_1_474' title='bbox 1860 4322 2033 4391; x_wconf 84' lang='lat' dir='ltr'><strong>virtu-</strong></span> 
     </span>
    </p>
   </div>
   <div class='ocr_carea' id='block_1_61' title="bbox 455 4393 2033 4482">
    <p class='ocr_par' dir='ltr' id='par_1_61' title="bbox 455 4393 2033 4482">
     <span class='ocr_line' id='line_1_61' title="bbox 455 4393 2033 4482; baseline 0.011 -28"><span class='ocrx_word' id='word_1_475' title='bbox 455 4411 568 4455; x_wconf 90' lang='lat' dir='ltr'><strong>tum</strong></span> <span class='ocrx_word' id='word_1_476' title='bbox 609 4393 816 4482; x_wconf 82' lang='lat' dir='ltr'><strong>semina</strong></span> <span class='ocrx_word' id='word_1_477' title='bbox 859 4404 1175 4475; x_wconf 72' lang='lat' dir='ltr'><strong>przefocant,</strong></span> <span class='ocrx_word' id='word_1_478' title='bbox 1218 4424 1285 4462; x_wconf 89' lang='lat' dir='ltr'><strong>ne</strong></span> <span class='ocrx_word' id='word_1_479' title='bbox 1313 4409 1482 4470; x_wconf 57' lang='lat' dir='ltr'><strong>.illum</strong></span> <span class='ocrx_word' id='word_1_480' title='bbox 1535 4393 1728 4482; x_wconf 86' lang='lat' dir='ltr'><strong>panem</strong></span> <span class='ocrx_word' id='word_1_481' title='bbox 1787 4421 2033 4471; x_wconf 90' lang='lat' dir='ltr'><strong>nostrum</strong></span> 
     </span>
    </p>
   </div>
   <div class='ocr_carea' id='block_1_62' title="bbox 2058 3089 2106 3156">
    <p class='ocr_par' dir='ltr' id='par_1_62' title="bbox 2058 3089 2106 3156">
     <span class='ocr_line' id='line_1_62' title="bbox 2058 3089 2106 3156; baseline 0 0"><span class='ocrx_word' id='word_1_482' title='bbox 2058 3089 2106 3156; x_wconf 90' lang='lat' dir='ltr'><strong>C</strong></span> 
     </span>
    </p>
   </div>
   <div class='ocr_carea' id='block_1_63' title="bbox 2088 3123 3740 3199">
    <p class='ocr_par' dir='ltr' id='par_1_63' title="bbox 2088 3123 3740 3199">
     <span class='ocr_line' id='line_1_63' title="bbox 2088 3123 3740 3199; baseline -0.002 -16"><span class='ocrx_word' id='word_1_483' title='bbox 2088 3127 2467 3199; x_wconf 48' lang='lat' dir='ltr'><strong>ﬁelocutiones</strong></span> <span class='ocrx_word' id='word_1_484' title='bbox 2513 3127 2724 3197; x_wconf 85' lang='lat' dir='ltr'><strong>integre</strong></span> <span class='ocrx_word' id='word_1_485' title='bbox 2775 3126 3066 3198; x_wconf 78' lang='lat' dir='ltr'><strong>explicari,</strong></span> <span class='ocrx_word' id='word_1_486' title='bbox 3137 3129 3230 3182; x_wconf 85' lang='lat' dir='ltr'><strong>sed</strong></span> <span class='ocrx_word' id='word_1_487' title='bbox 3278 3123 3740 3195; x_wconf 69' lang='lat' dir='ltr'><strong>coniunctionum</strong></span> 
     </span>
    </p>
   </div>
   <div class='ocr_carea' id='block_1_64' title="bbox 2129 1839 3748 1915">
    <p class='ocr_par' dir='ltr' id='par_1_64' title="bbox 2129 1839 3748 1915">
     <span class='ocr_line' id='line_1_64' title="bbox 2129 1839 3748 1915; baseline 0.001 -21"><span class='ocrx_word' id='word_1_488' title='bbox 2129 1839 2356 1908; x_wconf 88' lang='lat' dir='ltr'><strong>erimus,</strong></span> <span class='ocrx_word' id='word_1_489' title='bbox 2394 1854 2515 1894; x_wconf 91' lang='lat' dir='ltr'><strong>cum</strong></span> <span class='ocrx_word' id='word_1_490' title='bbox 2558 1848 2611 1893; x_wconf 88' lang='lat' dir='ltr'><strong>et</strong></span> <span class='ocrx_word' id='word_1_491' title='bbox 2655 1840 2836 1894; x_wconf 88' lang='lat' dir='ltr'><strong>animo</strong></span> <span class='ocrx_word' id='word_1_492' title='bbox 2865 1848 2920 1896; x_wconf 92' lang='lat' dir='ltr'><strong>et</strong></span> <span class='ocrx_word' id='word_1_493' title='bbox 2946 1855 3174 1910; x_wconf 88' lang='lat' dir='ltr'><strong>corpore</strong></span> <span class='ocrx_word' id='word_1_494' title='bbox 3219 1839 3566 1895; x_wconf 79' lang='lat' dir='ltr'><strong>immortales</strong></span> <span class='ocrx_word' id='word_1_495' title='bbox 3595 1839 3748 1915; x_wconf 72' lang='lat' dir='ltr'><strong>facti</strong></span> 
     </span>
    </p>
   </div>
   <div class='ocr_carea' id='block_1_65' title="bbox 2129 1929 3745 2000">
    <p class='ocr_par' dir='ltr' id='par_1_65' title="bbox 2129 1929 3745 2000">
     <span class='ocr_line' id='line_1_65' title="bbox 2129 1929 3745 2000; baseline 0.001 -16"><span class='ocrx_word' id='word_1_496' title='bbox 2129 1929 2411 1986; x_wconf 81' lang='lat' dir='ltr'><strong>fuerimus.</strong></span> <span class='ocrx_word' id='word_1_497' title='bbox 2457 1929 2626 1998; x_wconf 83' lang='lat' dir='ltr'><strong>Hujus</strong></span> <span class='ocrx_word' id='word_1_498' title='bbox 2655 1929 2930 2000; x_wconf 87' lang='lat' dir='ltr'><strong>languoris</strong></span> <span class='ocrx_word' id='word_1_499' title='bbox 2957 1939 3012 1985; x_wconf 91' lang='lat' dir='ltr'><strong>et</strong></span> <span class='ocrx_word' id='word_1_500' title='bbox 3037 1929 3370 1986; x_wconf 83' lang='lat' dir='ltr'><strong>infirmitatis</strong></span> <span class='ocrx_word' id='word_1_501' title='bbox 3395 1971 3411 1998; x_wconf 91' lang='lat'><strong>,</strong></span> <span class='ocrx_word' id='word_1_502' title='bbox 3440 1933 3595 2000; x_wconf 81' lang='lat' dir='ltr'><strong>unde</strong></span> <span class='ocrx_word' id='word_1_503' title='bbox 3622 1931 3745 1986; x_wconf 81' lang='lat' dir='ltr'><strong>illi-</strong></span> 
     </span>
    </p>
   </div>
   <div class='ocr_carea' id='block_1_66' title="bbox 2129 2021 3749 2094">
    <p class='ocr_par' dir='ltr' id='par_1_66' title="bbox 2129 2021 3749 2094">
     <span class='ocr_line' id='line_1_66' title="bbox 2129 2021 3749 2094; baseline 0.001 -17"><span class='ocrx_word' id='word_1_504' title='bbox 2129 2023 2236 2078; x_wconf 88' lang='lat' dir='ltr'><strong>cita</strong></span> <span class='ocrx_word' id='word_1_505' title='bbox 2263 2021 2532 2076; x_wconf 86' lang='lat' dir='ltr'><strong>desideria</strong></span> <span class='ocrx_word' id='word_1_506' title='bbox 2555 2031 2984 2086; x_wconf 87' lang='lat' dir='ltr'><strong>commoventur,</strong></span> <span class='ocrx_word' id='word_1_507' title='bbox 3007 2023 3151 2092; x_wconf 89' lang='lat' dir='ltr'><strong>quod</strong></span> <span class='ocrx_word' id='word_1_508' title='bbox 3172 2031 3456 2092; x_wconf 84' lang='lat' dir='ltr'><strong>peccatum</strong></span> <span class='ocrx_word' id='word_1_509' title='bbox 3483 2023 3749 2094; x_wconf 79' lang='lat' dir='ltr'><strong>appellat</strong></span> 
     </span>
    </p>
   </div>
   <div class='ocr_carea' id='block_1_67' title="bbox 2128 2113 3748 2186">
    <p class='ocr_par' dir='ltr' id='par_1_67' title="bbox 2128 2113 3748 2186">
     <span class='ocr_line' id='line_1_67' title="bbox 2128 2113 3748 2186; baseline 0.001 -17"><span class='ocrx_word' id='word_1_510' title='bbox 2128 2113 2419 2184; x_wconf 88' lang='lat' dir='ltr'><strong>Apostolus</strong></span> <span class='ocrx_word' id='word_1_511' title='bbox 2441 2153 2457 2178; x_wconf 93' lang='lat'><strong>,</strong></span> <span class='ocrx_word' id='word_1_512' title='bbox 2497 2113 2784 2169; x_wconf 89' lang='lat' dir='ltr'><strong>universus</strong></span> <span class='ocrx_word' id='word_1_513' title='bbox 2833 2123 3016 2168; x_wconf 88' lang='lat' dir='ltr'><strong>reatus</strong></span> <span class='ocrx_word' id='word_1_514' title='bbox 3049 2124 3392 2170; x_wconf 87' lang='lat' dir='ltr'><strong>sacramento</strong></span> <span class='ocrx_word' id='word_1_515' title='bbox 3416 2117 3748 2186; x_wconf 81' lang='lat' dir='ltr'><strong>baptisma-</strong></span> 
     </span>
    </p>
   </div>
   <div class='ocr_carea' id='block_1_68' title="bbox 2133 2206 3748 2276">
    <p class='ocr_par' dir='ltr' id='par_1_68' title="bbox 2133 2206 3748 2276">
     <span class='ocr_line' id='line_1_68' title="bbox 2133 2206 3748 2276; baseline 0.002 -17"><span class='ocrx_word' id='word_1_516' title='bbox 2133 2207 2201 2260; x_wconf 88' lang='lat' dir='ltr'><strong>tis</strong></span> <span class='ocrx_word' id='word_1_517' title='bbox 2231 2216 2314 2261; x_wconf 86' lang='lat' dir='ltr'><strong>est</strong></span> <span class='ocrx_word' id='word_1_518' title='bbox 2343 2206 2550 2259; x_wconf 86' lang='lat' dir='ltr'><strong>solutus</strong></span> <span class='ocrx_word' id='word_1_519' title='bbox 2578 2245 2594 2272; x_wconf 89' lang='lat'><strong>,</strong></span> <span class='ocrx_word' id='word_1_520' title='bbox 2645 2220 2769 2260; x_wconf 92' lang='lat' dir='ltr'><strong>cum</strong></span> <span class='ocrx_word' id='word_1_521' title='bbox 2794 2269 2798 2276; x_wconf 27' lang='grc' dir='ltr'>ι</span> <span class='ocrx_word' id='word_1_522' title='bbox 2825 2206 3077 2260; x_wconf 88' lang='lat' dir='ltr'><strong>omnibus</strong></span> <span class='ocrx_word' id='word_1_523' title='bbox 3125 2221 3246 2276; x_wconf 61' lang='lat' dir='ltr'><strong>quae</strong></span> <span class='ocrx_word' id='word_1_524' title='bbox 3291 2207 3366 2261; x_wconf 85' lang='lat' dir='ltr'><strong>illi</strong></span> <span class='ocrx_word' id='word_1_525' title='bbox 3403 2206 3748 2264; x_wconf 83' lang='lat' dir='ltr'><strong>obedientes</strong></span> 
     </span>
    </p>
   </div>
   <div class='ocr_carea' id='block_1_69' title="bbox 2131 2283 3744 2375">
    <p class='ocr_par' dir='ltr' id='par_1_69' title="bbox 2131 2283 3744 2375">
     <span class='ocr_line' id='line_1_69' title="bbox 2131 2283 3744 2375; baseline 0 -19"><span class='ocrx_word' id='word_1_526' title='bbox 2131 2301 2380 2364; x_wconf 83' lang='lat' dir='ltr'><strong>fecimus,</strong></span> <span class='ocrx_word' id='word_1_527' title='bbox 2412 2283 2669 2366; x_wconf 75' lang='lat' dir='ltr'><strong>diximus,</strong></span> <span class='ocrx_word' id='word_1_528' title='bbox 2711 2301 3088 2375; x_wconf 85' lang='lat' dir='ltr'><strong>cogitavimus.</strong></span> <span class='ocrx_word' id='word_1_529' title='bbox 3138 2300 3248 2356; x_wconf 86' lang='lat' dir='ltr'><strong>Nec</strong></span> <span class='ocrx_word' id='word_1_530' title='bbox 3276 2303 3434 2356; x_wconf 87' lang='lat' dir='ltr'><strong>nobis</strong></span> <span class='ocrx_word' id='word_1_531' title='bbox 3461 2303 3744 2373; x_wconf 79' lang='lat' dir='ltr'><strong>deinceps</strong></span> 
     </span>
    </p>
   </div>
   <div class='ocr_carea' id='block_1_70' title="bbox 2132 2380 3746 2466">
    <p class='ocr_par' dir='ltr' id='par_1_70' title="bbox 2132 2380 3746 2466">
     <span class='ocr_line' id='line_1_70' title="bbox 2132 2380 3746 2466; baseline 0.001 -18"><span class='ocrx_word' id='word_1_532' title='bbox 2132 2396 2356 2466; x_wconf 88' lang='lat' dir='ltr'><strong>languor</strong></span> <span class='ocrx_word' id='word_1_533' title='bbox 2383 2395 2486 2452; x_wconf 86' lang='lat' dir='ltr'><strong>iste</strong></span> <span class='ocrx_word' id='word_1_534' title='bbox 2510 2393 2728 2451; x_wconf 81' lang='lat' dir='ltr'><strong>obesset</strong></span> <span class='ocrx_word' id='word_1_535' title='bbox 2750 2435 2767 2460; x_wconf 94' lang='lat'><strong>,</strong></span> <span class='ocrx_word' id='word_1_536' title='bbox 2789 2380 3047 2465; x_wconf 79' lang='lat' dir='ltr'><strong>quamvis</strong></span> <span class='ocrx_word' id='word_1_537' title='bbox 3087 2395 3327 2459; x_wconf 88' lang='lat' dir='ltr'><strong>inesset,</strong></span> <span class='ocrx_word' id='word_1_538' title='bbox 3355 2395 3403 2449; x_wconf 90' lang='lat' dir='ltr'><strong>si</strong></span> <span class='ocrx_word' id='word_1_539' title='bbox 3435 2394 3746 2450; x_wconf 84' lang='lat' dir='ltr'><strong>desideriis</strong></span> 
     </span>
    </p>
   </div>
   <div class='ocr_carea' id='block_1_71' title="bbox 2132 2483 3746 2556">
    <p class='ocr_par' dir='ltr' id='par_1_71' title="bbox 2132 2483 3746 2556">
     <span class='ocr_line' id='line_1_71' title="bbox 2132 2483 3746 2556; baseline -0.001 -14"><span class='ocrx_word' id='word_1_540' title='bbox 2132 2484 2248 2555; x_wconf 88' lang='lat' dir='ltr'><strong>ejus</strong></span> <span class='ocrx_word' id='word_1_541' title='bbox 2276 2485 2474 2542; x_wconf 87' lang='lat' dir='ltr'><strong>illicitis</strong></span> <span class='ocrx_word' id='word_1_542' title='bbox 2497 2485 2660 2542; x_wconf 88' lang='lat' dir='ltr'><strong>nullis</strong></span> <span class='ocrx_word' id='word_1_543' title='bbox 2682 2501 2918 2556; x_wconf 87' lang='lat' dir='ltr'><strong>unquam</strong></span> <span class='ocrx_word' id='word_1_544' title='bbox 2948 2485 3310 2542; x_wconf 86' lang='lat' dir='ltr'><strong>obedientiam</strong></span> <span class='ocrx_word' id='word_1_545' title='bbox 3347 2483 3746 2556; x_wconf 65' lang='lat' dir='ltr'><strong>praeberemus</strong></span> 
     </span>
    </p>
   </div>
   <div class='ocr_carea' id='block_1_72' title="bbox 2131 2579 3745 2651">
    <p class='ocr_par' dir='ltr' id='par_1_72' title="bbox 2131 2579 3745 2651">
     <span class='ocr_line' id='line_1_72' title="bbox 2131 2579 3745 2651; baseline -0.001 -16"><span class='ocrx_word' id='word_1_546' title='bbox 2131 2582 2246 2636; x_wconf 85' lang='lat' dir='ltr'><strong>sive</strong></span> <span class='ocrx_word' id='word_1_547' title='bbox 2275 2582 2614 2651; x_wconf 86' lang='lat' dir='ltr'><strong>operatione,</strong></span> <span class='ocrx_word' id='word_1_548' title='bbox 2649 2581 2764 2638; x_wconf 86' lang='lat' dir='ltr'><strong>sive</strong></span> <span class='ocrx_word' id='word_1_549' title='bbox 2801 2581 3070 2636; x_wconf 91' lang='lat' dir='ltr'><strong>locutione</strong></span> <span class='ocrx_word' id='word_1_550' title='bbox 3093 2620 3110 2645; x_wconf 91' lang='lat'><strong>,</strong></span> <span class='ocrx_word' id='word_1_551' title='bbox 3158 2580 3274 2638; x_wconf 87' lang='lat' dir='ltr'><strong>sive</strong></span> <span class='ocrx_word' id='word_1_552' title='bbox 3316 2579 3480 2634; x_wconf 84' lang='lat' dir='ltr'><strong>tacita</strong></span> <span class='ocrx_word' id='word_1_553' title='bbox 3536 2595 3745 2634; x_wconf 82' lang='lat' dir='ltr'><strong>assen-</strong></span> 
     </span>
    </p>
   </div>
   <div class='ocr_carea' id='block_1_73' title="bbox 2133 2670 3658 2740">
    <p class='ocr_par' dir='ltr' id='par_1_73' title="bbox 2133 2670 3658 2740">
     <span class='ocr_line' id='line_1_73' title="bbox 2133 2670 3658 2740; baseline -0.002 -13"><span class='ocrx_word' id='word_1_554' title='bbox 2133 2673 2306 2735; x_wconf 89' lang='lat' dir='ltr'><strong>sione,</strong></span> <span class='ocrx_word' id='word_1_555' title='bbox 2340 2673 2515 2727; x_wconf 89' lang='lat' dir='ltr'><strong>donec</strong></span> <span class='ocrx_word' id='word_1_556' title='bbox 2539 2670 2704 2729; x_wconf 86' lang='lat' dir='ltr'><strong>etiam</strong></span> <span class='ocrx_word' id='word_1_557' title='bbox 2729 2671 2845 2740; x_wconf 90' lang='lat' dir='ltr'><strong>ipse</strong></span> <span class='ocrx_word' id='word_1_558' title='bbox 2871 2677 3178 2726; x_wconf 84' lang='lat' dir='ltr'><strong>sanaretur.</strong></span> <span class='ocrx_word' id='word_1_559' title='bbox 3491 2723 3494 2726; x_wconf 75' lang='lat'><strong>.</strong></span> <span class='ocrx_word' id='word_1_560' title='bbox 3650 2721 3658 2724; x_wconf 91' lang='lat'><strong><em>_</em></strong></span> 
     </span>
    </p>
   </div>
   <div class='ocr_carea' id='block_1_74' title="bbox 2161 2759 3743 2833">
    <p class='ocr_par' dir='ltr' id='par_1_74' title="bbox 2161 2759 3743 2833">
     <span class='ocr_line' id='line_1_74' title="bbox 2161 2759 3743 2833; baseline -0.003 -16"><span class='ocrx_word' id='word_1_561' title='bbox 2161 2824 2167 2832; x_wconf 34' lang='grc' dir='ltr'><strong><em>ι</em></strong></span> <span class='ocrx_word' id='word_1_562' title='bbox 2203 2763 2416 2818; x_wconf 83' lang='lat' dir='ltr'><strong>Invenio</strong></span> <span class='ocrx_word' id='word_1_563' title='bbox 2463 2763 2624 2833; x_wconf 84' lang='lat' dir='ltr'><strong>igitur</strong></span> <span class='ocrx_word' id='word_1_564' title='bbox 2673 2761 2834 2832; x_wconf 81' lang='lat' dir='ltr'><strong>legem</strong></span> <span class='ocrx_word' id='word_1_565' title='bbox 2883 2760 3070 2816; x_wconf 81' lang='lat' dir='ltr'><strong>volenti</strong></span> <span class='ocrx_word' id='word_1_566' title='bbox 3105 2760 3234 2816; x_wconf 80' lang='lat' dir='ltr'><strong>mihi</strong></span> <span class='ocrx_word' id='word_1_567' title='bbox 3280 2761 3454 2830; x_wconf 79' lang='lat' dir='ltr'><strong>facere</strong></span> <span class='ocrx_word' id='word_1_568' title='bbox 3503 2759 3743 2820; x_wconf 79' lang='lat' dir='ltr'><strong>bonum.</strong></span> 
     </span>
    </p>
   </div>
   <div class='ocr_carea' id='block_1_75' title="bbox 2131 2852 3742 2928">
    <p class='ocr_par' dir='ltr' id='par_1_75' title="bbox 2131 2852 3742 2928">
     <span class='ocr_line' id='line_1_75' title="bbox 2131 2852 3742 2928; baseline -0.004 -18"><span class='ocrx_word' id='word_1_569' title='bbox 2131 2856 2382 2928; x_wconf 81' lang='lat' dir='ltr'><strong>quoniam</strong></span> <span class='ocrx_word' id='word_1_570' title='bbox 2409 2855 2538 2909; x_wconf 80' lang='lat' dir='ltr'><strong>mihi</strong></span> <span class='ocrx_word' id='word_1_571' title='bbox 2564 2853 2762 2908; x_wconf 84' lang='lat' dir='ltr'><strong>malum</strong></span> <span class='ocrx_word' id='word_1_572' title='bbox 2787 2853 3030 2924; x_wconf 84' lang='lat' dir='ltr'><strong>adjacet:</strong></span> <span class='ocrx_word' id='word_1_573' title='bbox 3061 2852 3388 2908; x_wconf 84' lang='lat' dir='ltr'><strong>condelector</strong></span> <span class='ocrx_word' id='word_1_574' title='bbox 3433 2853 3584 2906; x_wconf 82' lang='lat' dir='ltr'><strong>enim</strong></span> <span class='ocrx_word' id='word_1_575' title='bbox 3632 2852 3742 2922; x_wconf 76' lang='lat' dir='ltr'><strong>legi</strong></span> 
     </span>
    </p>
   </div>
   <div class='ocr_carea' id='block_1_76' title="bbox 2131 2943 3737 3016">
    <p class='ocr_par' dir='ltr' id='par_1_76' title="bbox 2131 2943 3737 3016">
     <span class='ocr_line' id='line_1_76' title="bbox 2131 2943 3737 3016; baseline -0.002 -14"><span class='ocrx_word' id='word_1_576' title='bbox 2131 2946 2230 3002; x_wconf 85' lang='lat' dir='ltr'><strong>Det</strong></span> <span class='ocrx_word' id='word_1_577' title='bbox 2257 2947 2542 3001; x_wconf 77' lang='lat' dir='ltr'><strong>secundum</strong></span> <span class='ocrx_word' id='word_1_578' title='bbox 2572 2946 2867 3000; x_wconf 82' lang='lat' dir='ltr'><strong>interiorem</strong></span> <span class='ocrx_word' id='word_1_579' title='bbox 2892 2946 3172 3000; x_wconf 83' lang='lat' dir='ltr'><strong>hominem.</strong></span> <span class='ocrx_word' id='word_1_580' title='bbox 3199 2943 3396 3016; x_wconf 62' lang='lat' dir='ltr'><strong>(Orig)</strong></span> <span class='ocrx_word' id='word_1_581' title='bbox 3427 2943 3495 2998; x_wconf 85' lang='lat' dir='ltr'><strong>Et</strong></span> <span class='ocrx_word' id='word_1_582' title='bbox 3530 2946 3591 2998; x_wconf 85' lang='lat' dir='ltr'><strong>in</strong></span> <span class='ocrx_word' id='word_1_583' title='bbox 3627 2945 3737 3008; x_wconf 88' lang='lat' dir='ltr'><strong>his,</strong></span> 
     </span>
    </p>
   </div>
   <div class='ocr_carea' id='block_1_77' title="bbox 2133 3035 3743 3109">
    <p class='ocr_par' dir='ltr' id='par_1_77' title="bbox 2133 3035 3743 3109">
     <span class='ocr_line' id='line_1_77' title="bbox 2133 3035 3743 3109; baseline -0.003 -15"><span class='ocrx_word' id='word_1_584' title='bbox 2133 3048 2194 3094; x_wconf 88' lang='lat' dir='ltr'><strong>ut</strong></span> <span class='ocrx_word' id='word_1_585' title='bbox 2215 3055 2358 3108; x_wconf 69' lang='lat' dir='ltr'><strong>stupe</strong></span> <span class='ocrx_word' id='word_1_586' title='bbox 2383 3040 2437 3092; x_wconf 92' lang='lat' dir='ltr'><strong>in</strong></span> <span class='ocrx_word' id='word_1_587' title='bbox 2463 3037 2827 3109; x_wconf 88' lang='lat' dir='ltr'><strong>superioribus</strong></span> <span class='ocrx_word' id='word_1_588' title='bbox 2857 3037 3308 3101; x_wconf 85' lang='lat' dir='ltr'><strong>commonuimus,</strong></span> <span class='ocrx_word' id='word_1_589' title='bbox 3337 3051 3443 3090; x_wconf 91' lang='lat' dir='ltr'><strong>non</strong></span> <span class='ocrx_word' id='word_1_590' title='bbox 3467 3035 3743 3090; x_wconf 88' lang='lat' dir='ltr'><strong>videntur</strong></span> 
     </span>
    </p>
   </div>
   <div class='ocr_carea' id='block_1_78' title="bbox 2135 3216 3738 3287">
    <p class='ocr_par' dir='ltr' id='par_1_78' title="bbox 2135 3216 3738 3287">
     <span class='ocr_line' id='line_1_78' title="bbox 2135 3216 3738 3287; baseline 0.001 -15"><span class='ocrx_word' id='word_1_591' title='bbox 2135 3219 2220 3282; x_wconf 82' lang='lat' dir='ltr'><strong>vel</strong></span> <span class='ocrx_word' id='word_1_592' title='bbox 2276 3217 2608 3276; x_wconf 88' lang='lat' dir='ltr'><strong>abundantia</strong></span> <span class='ocrx_word' id='word_1_593' title='bbox 2657 3216 2742 3270; x_wconf 91' lang='lat' dir='ltr'><strong>vel</strong></span> <span class='ocrx_word' id='word_1_594' title='bbox 2800 3217 3219 3287; x_wconf 82' lang='lat' dir='ltr'><strong>proprietatibus</strong></span> <span class='ocrx_word' id='word_1_595' title='bbox 3273 3217 3576 3286; x_wconf 87' lang='lat' dir='ltr'><strong>impediri;</strong></span> <span class='ocrx_word' id='word_1_596' title='bbox 3639 3218 3738 3274; x_wconf 78' lang='lat' dir='ltr'><strong>tali</strong></span> 
     </span>
    </p>
   </div>
   <div class='ocr_carea' id='block_1_79' title="bbox 2135 3307 3742 3388">
    <p class='ocr_par' dir='ltr' id='par_1_79' title="bbox 2135 3307 3742 3388">
     <span class='ocr_line' id='line_1_79' title="bbox 2135 3307 3742 3388; baseline -0.002 -18"><span class='ocrx_word' id='word_1_597' title='bbox 2135 3329 2265 3386; x_wconf 88' lang='lat' dir='ltr'><strong>ergo</strong></span> <span class='ocrx_word' id='word_1_598' title='bbox 2296 3312 2530 3388; x_wconf 82' lang='lat' dir='ltr'><strong>quodam</strong></span> <span class='ocrx_word' id='word_1_599' title='bbox 2564 3310 2755 3366; x_wconf 90' lang='lat' dir='ltr'><strong>ordine</strong></span> <span class='ocrx_word' id='word_1_600' title='bbox 2781 3310 2958 3380; x_wconf 85' lang='lat' dir='ltr'><strong>legere</strong></span> <span class='ocrx_word' id='word_1_601' title='bbox 2999 3309 3276 3372; x_wconf 86' lang='lat' dir='ltr'><strong>debemus,</strong></span> <span class='ocrx_word' id='word_1_602' title='bbox 3307 3317 3366 3364; x_wconf 87' lang='lat' dir='ltr'><strong>ut</strong></span> <span class='ocrx_word' id='word_1_603' title='bbox 3409 3307 3742 3366; x_wconf 79' lang='lat' dir='ltr'><strong>intellectus</strong></span> 
     </span>
    </p>
   </div>
   <div class='ocr_carea' id='block_1_80' title="bbox 2135 3399 3740 3470">
    <p class='ocr_par' dir='ltr' id='par_1_80' title="bbox 2135 3399 3740 3470">
     <span class='ocr_line' id='line_1_80' title="bbox 2135 3399 3740 3470; baseline -0.002 -13"><span class='ocrx_word' id='word_1_604' title='bbox 2135 3403 2364 3460; x_wconf 88' lang='lat' dir='ltr'><strong>lucidior</strong></span> <span class='ocrx_word' id='word_1_605' title='bbox 2390 3402 2514 3458; x_wconf 83' lang='lat' dir='ltr'><strong>ﬁat:</strong></span> <span class='ocrx_word' id='word_1_606' title='bbox 2539 3399 2713 3469; x_wconf 87' lang='lat' dir='ltr'><strong>Igitur</strong></span> <span class='ocrx_word' id='word_1_607' title='bbox 2737 3401 2859 3470; x_wconf 86' lang='lat' dir='ltr'><strong>quia</strong></span> <span class='ocrx_word' id='word_1_608' title='bbox 2898 3399 3096 3454; x_wconf 87' lang='lat' dir='ltr'><strong>malum</strong></span> <span class='ocrx_word' id='word_1_609' title='bbox 3119 3399 3249 3453; x_wconf 83' lang='lat' dir='ltr'><strong>mihi</strong></span> <span class='ocrx_word' id='word_1_610' title='bbox 3290 3399 3500 3468; x_wconf 85' lang='lat' dir='ltr'><strong>adjacet</strong></span> <span class='ocrx_word' id='word_1_611' title='bbox 3543 3400 3740 3454; x_wconf 71' lang='lat' dir='ltr'><strong>uolens</strong></span> 
     </span>
    </p>
   </div>
   <div class='ocr_carea' id='block_1_81' title="bbox 2137 3487 3738 3566">
    <p class='ocr_par' dir='ltr' id='par_1_81' title="bbox 2137 3487 3738 3566">
     <span class='ocr_line' id='line_1_81' title="bbox 2137 3487 3738 3566; baseline -0.005 -16"><span class='ocrx_word' id='word_1_612' title='bbox 2137 3493 2308 3563; x_wconf 76' lang='lat' dir='ltr'><strong>facere</strong></span> <span class='ocrx_word' id='word_1_613' title='bbox 2355 3492 2545 3546; x_wconf 82' lang='lat' dir='ltr'><strong>bonum</strong></span> <span class='ocrx_word' id='word_1_614' title='bbox 2573 3531 2588 3556; x_wconf 94' lang='lat'><strong>,</strong></span> <span class='ocrx_word' id='word_1_615' title='bbox 2634 3491 2837 3544; x_wconf 78' lang='lat' dir='ltr'><strong>invenio</strong></span> <span class='ocrx_word' id='word_1_616' title='bbox 2865 3489 3026 3560; x_wconf 83' lang='lat' dir='ltr'><strong>legem</strong></span> <span class='ocrx_word' id='word_1_617' title='bbox 3057 3487 3176 3556; x_wconf 86' lang='lat' dir='ltr'><strong>Dei,</strong></span> <span class='ocrx_word' id='word_1_618' title='bbox 3211 3499 3260 3544; x_wconf 88' lang='lat' dir='ltr'><strong>et</strong></span> <span class='ocrx_word' id='word_1_619' title='bbox 3303 3487 3647 3566; x_wconf 71' lang='lat' dir='ltr'><strong>condelector</strong></span> <span class='ocrx_word' id='word_1_620' title='bbox 3689 3491 3738 3544; x_wconf 77' lang='lat' dir='ltr'><strong>ei</strong></span> 
     </span>
    </p>
   </div>
   <div class='ocr_carea' id='block_1_82' title="bbox 2136 3581 3737 3657">
    <p class='ocr_par' dir='ltr' id='par_1_82' title="bbox 2136 3581 3737 3657">
     <span class='ocr_line' id='line_1_82' title="bbox 2136 3581 3737 3657; baseline -0.003 -18"><span class='ocrx_word' id='word_1_621' title='bbox 2136 3585 2424 3640; x_wconf 80' lang='lat' dir='ltr'><strong>secundum</strong></span> <span class='ocrx_word' id='word_1_622' title='bbox 2465 3583 2764 3638; x_wconf 84' lang='lat' dir='ltr'><strong>interiorem</strong></span> <span class='ocrx_word' id='word_1_623' title='bbox 2806 3583 3065 3636; x_wconf 86' lang='lat' dir='ltr'><strong>hominem</strong></span> <span class='ocrx_word' id='word_1_624' title='bbox 3093 3596 3238 3657; x_wconf 43' lang='lat' dir='ltr'><strong>,j&#39;per</strong></span> <span class='ocrx_word' id='word_1_625' title='bbox 3285 3581 3427 3651; x_wconf 87' lang='lat' dir='ltr'><strong>quod</strong></span> <span class='ocrx_word' id='word_1_626' title='bbox 3457 3583 3737 3649; x_wconf 73' lang='lat' dir='ltr'><strong>ostendit,</strong></span> 
     </span>
    </p>
   </div>
   <div class='ocr_carea' id='block_1_83' title="bbox 2137 3663 3737 3748">
    <p class='ocr_par' dir='ltr' id='par_1_83' title="bbox 2137 3663 3737 3748">
     <span class='ocr_line' id='line_1_83' title="bbox 2137 3663 3737 3748; baseline -0.003 -19"><span class='ocrx_word' id='word_1_627' title='bbox 2137 3663 2282 3748; x_wconf 83' lang='lat' dir='ltr'><strong>quod</strong></span> <span class='ocrx_word' id='word_1_628' title='bbox 2313 3673 2538 3729; x_wconf 90' lang='lat' dir='ltr'><strong>interior</strong></span> <span class='ocrx_word' id='word_1_629' title='bbox 2585 3673 2767 3735; x_wconf 90' lang='lat' dir='ltr'><strong>homo,</strong></span> <span class='ocrx_word' id='word_1_630' title='bbox 2803 3673 2905 3727; x_wconf 92' lang='lat' dir='ltr'><strong>hoc</strong></span> <span class='ocrx_word' id='word_1_631' title='bbox 2931 3681 3032 3736; x_wconf 90' lang='lat' dir='ltr'><strong>est,</strong></span> <span class='ocrx_word' id='word_1_632' title='bbox 3070 3667 3341 3736; x_wconf 81' lang='lat' dir='ltr'><strong>voluntas,</strong></span> <span class='ocrx_word' id='word_1_633' title='bbox 3369 3677 3424 3724; x_wconf 90' lang='lat' dir='ltr'><strong>et</strong></span> <span class='ocrx_word' id='word_1_634' title='bbox 3470 3671 3737 3740; x_wconf 79' lang='lat' dir='ltr'><strong>proposi-</strong></span> 
     </span>
    </p>
   </div>
   <div class='ocr_carea' id='block_1_84' title="bbox 2138 3758 3738 3834">
    <p class='ocr_par' dir='ltr' id='par_1_84' title="bbox 2138 3758 3738 3834">
     <span class='ocr_line' id='line_1_84' title="bbox 2138 3758 3738 3834; baseline -0.003 -15"><span class='ocrx_word' id='word_1_635' title='bbox 2138 3775 2252 3820; x_wconf 90' lang='lat' dir='ltr'><strong>tum</strong></span> <span class='ocrx_word' id='word_1_636' title='bbox 2281 3780 2390 3834; x_wconf 89' lang='lat' dir='ltr'><strong>quo</strong></span> <span class='ocrx_word' id='word_1_637' title='bbox 2417 3763 2626 3818; x_wconf 88' lang='lat' dir='ltr'><strong>initium</strong></span> <span class='ocrx_word' id='word_1_638' title='bbox 2669 3763 2864 3832; x_wconf 87' lang='lat' dir='ltr'><strong>accipit</strong></span> <span class='ocrx_word' id='word_1_639' title='bbox 2891 3760 3133 3816; x_wconf 88' lang='lat' dir='ltr'><strong>converti</strong></span> <span class='ocrx_word' id='word_1_640' title='bbox 3166 3760 3233 3814; x_wconf 83' lang='lat' dir='ltr'><strong>ad</strong></span> <span class='ocrx_word' id='word_1_641' title='bbox 3267 3758 3587 3822; x_wconf 86' lang='lat' dir='ltr'><strong>Dominum,</strong></span> <span class='ocrx_word' id='word_1_642' title='bbox 3623 3759 3738 3827; x_wconf 78' lang='lat' dir='ltr'><strong>legi</strong></span> 
     </span>
    </p>
   </div>
   <div class='ocr_carea' id='block_1_85' title="bbox 2137 3849 3738 3920">
    <p class='ocr_par' dir='ltr' id='par_1_85' title="bbox 2137 3849 3738 3920">
     <span class='ocr_line' id='line_1_85' title="bbox 2137 3849 3738 3920; baseline -0.002 -10"><span class='ocrx_word' id='word_1_643' title='bbox 2137 3856 2234 3910; x_wconf 90' lang='lat' dir='ltr'><strong>Dei</strong></span> <span class='ocrx_word' id='word_1_644' title='bbox 2279 3853 2566 3918; x_wconf 86' lang='lat' dir='ltr'><strong>consentit,</strong></span> <span class='ocrx_word' id='word_1_645' title='bbox 2603 3861 2659 3908; x_wconf 92' lang='lat' dir='ltr'><strong>et</strong></span> <span class='ocrx_word' id='word_1_646' title='bbox 2687 3853 2984 3907; x_wconf 85' lang='lat' dir='ltr'><strong>delectatur</strong></span> <span class='ocrx_word' id='word_1_647' title='bbox 3031 3851 3086 3905; x_wconf 93' lang='lat' dir='ltr'><strong>in</strong></span> <span class='ocrx_word' id='word_1_648' title='bbox 3114 3866 3207 3906; x_wconf 88' lang='lat' dir='ltr'><strong>ea:</strong></span> <span class='ocrx_word' id='word_1_649' title='bbox 3238 3849 3335 3906; x_wconf 88' lang='lat' dir='ltr'><strong>sed</strong></span> <span class='ocrx_word' id='word_1_650' title='bbox 3363 3859 3425 3904; x_wconf 90' lang='lat' dir='ltr'><strong>ut</strong></span> <span class='ocrx_word' id='word_1_651' title='bbox 3467 3853 3738 3920; x_wconf 79' lang='lat' dir='ltr'><strong>superius</strong></span> 
     </span>
    </p>
   </div>
   <div class='ocr_carea' id='block_1_86' title="bbox 2135 3927 3736 4022">
    <p class='ocr_par' dir='ltr' id='par_1_86' title="bbox 2135 3927 3736 4022">
     <span class='ocr_line' id='line_1_86' title="bbox 2135 3927 3736 4022; baseline -0.002 -22"><span class='ocrx_word' id='word_1_652' title='bbox 2135 3927 2402 4022; x_wconf 71' lang='lat' dir='ltr'><strong>diximus,</strong></span> <span class='ocrx_word' id='word_1_653' title='bbox 2428 3961 2532 3999; x_wconf 91' lang='lat' dir='ltr'><strong>non</strong></span> <span class='ocrx_word' id='word_1_654' title='bbox 2585 3943 2766 3998; x_wconf 88' lang='lat' dir='ltr'><strong>statim</strong></span> <span class='ocrx_word' id='word_1_655' title='bbox 2819 3951 2880 3996; x_wconf 90' lang='lat' dir='ltr'><strong>ut</strong></span> <span class='ocrx_word' id='word_1_656' title='bbox 2933 3927 3264 4022; x_wconf 80' lang='lat' dir='ltr'><strong>voluntatem</strong></span> <span class='ocrx_word' id='word_1_657' title='bbox 3293 3941 3414 4012; x_wconf 89' lang='lat' dir='ltr'><strong>quis</strong></span> <span class='ocrx_word' id='word_1_658' title='bbox 3445 3939 3736 4009; x_wconf 88' lang='lat' dir='ltr'><strong>habuerit,</strong></span> 
     </span>
    </p>
   </div>
   <div class='ocr_carea' id='block_1_87' title="bbox 2097 4025 3737 4110">
    <p class='ocr_par' dir='ltr' id='par_1_87' title="bbox 2097 4025 3737 4110">
     <span class='ocr_line' id='line_1_87' title="bbox 2097 4025 3737 4110; baseline -0.004 -10"><span class='ocrx_word' id='word_1_659' title='bbox 2097 4025 2116 4042; x_wconf 80' lang='grc'><em>’</em></span> <span class='ocrx_word' id='word_1_660' title='bbox 2137 4045 2379 4099; x_wconf 88' lang='lat' dir='ltr'><strong>converti</strong></span> <span class='ocrx_word' id='word_1_661' title='bbox 2409 4043 2476 4097; x_wconf 87' lang='lat' dir='ltr'><strong>ad</strong></span> <span class='ocrx_word' id='word_1_662' title='bbox 2499 4041 2662 4104; x_wconf 88' lang='lat' dir='ltr'><strong>bona,</strong></span> <span class='ocrx_word' id='word_1_663' title='bbox 2691 4039 2856 4095; x_wconf 86' lang='lat' dir='ltr'><strong>etiam</strong></span> <span class='ocrx_word' id='word_1_664' title='bbox 2885 4056 3016 4096; x_wconf 91' lang='lat' dir='ltr'><strong>usus</strong></span> <span class='ocrx_word' id='word_1_665' title='bbox 3055 4036 3182 4110; x_wconf 83' lang='lat' dir='ltr'><strong>boni</strong></span> <span class='ocrx_word' id='word_1_666' title='bbox 3218 4025 3413 4108; x_wconf 88' lang='lat' dir='ltr'><strong>operis</strong></span> <span class='ocrx_word' id='word_1_667' title='bbox 3459 4037 3737 4094; x_wconf 82' lang='lat' dir='ltr'><strong>subsecu-</strong></span> 
     </span>
    </p>
   </div>
   <div class='ocr_carea' id='block_1_88' title="bbox 2141 4117 3737 4203">
    <p class='ocr_par' dir='ltr' id='par_1_88' title="bbox 2141 4117 3737 4203">
     <span class='ocr_line' id='line_1_88' title="bbox 2141 4117 3737 4203; baseline -0.006 -13"><span class='ocrx_word' id='word_1_668' title='bbox 2141 4146 2226 4192; x_wconf 90' lang='lat' dir='ltr'><strong>tus</strong></span> <span class='ocrx_word' id='word_1_669' title='bbox 2253 4144 2367 4202; x_wconf 89' lang='lat' dir='ltr'><strong>est;</strong></span> <span class='ocrx_word' id='word_1_670' title='bbox 2416 4136 2520 4191; x_wconf 88' lang='lat' dir='ltr'><strong>cita</strong></span> <span class='ocrx_word' id='word_1_671' title='bbox 2552 4133 2696 4188; x_wconf 90' lang='lat' dir='ltr'><strong>enim</strong></span> <span class='ocrx_word' id='word_1_672' title='bbox 2722 4147 2827 4188; x_wconf 92' lang='lat' dir='ltr'><strong>.res</strong></span> <span class='ocrx_word' id='word_1_673' title='bbox 2873 4141 2958 4188; x_wconf 90' lang='lat' dir='ltr'><strong>est</strong></span> <span class='ocrx_word' id='word_1_674' title='bbox 2993 4117 3258 4203; x_wconf 83' lang='lat' dir='ltr'><strong>voluntas,</strong></span> <span class='ocrx_word' id='word_1_675' title='bbox 3303 4139 3360 4184; x_wconf 90' lang='lat' dir='ltr'><strong>et</strong></span> <span class='ocrx_word' id='word_1_676' title='bbox 3386 4129 3502 4186; x_wconf 88' lang='lat' dir='ltr'><strong>sive</strong></span> <span class='ocrx_word' id='word_1_677' title='bbox 3553 4129 3737 4198; x_wconf 85' lang='lat' dir='ltr'><strong>impe-</strong></span> 
     </span>
    </p>
   </div>
   <div class='ocr_carea' id='block_1_89' title="bbox 2138 4224 3733 4306">
    <p class='ocr_par' dir='ltr' id='par_1_89' title="bbox 2138 4224 3733 4306">
     <span class='ocr_line' id='line_1_89' title="bbox 2138 4224 3733 4306; baseline -0.004 -21"><span class='ocrx_word' id='word_1_678' title='bbox 2138 4231 2378 4306; x_wconf 71' lang='lat' dir='ltr'><strong>dimento</strong></span> <span class='ocrx_word' id='word_1_679' title='bbox 2411 4227 2774 4290; x_wconf 80' lang='lat' dir='ltr'><strong>convertitur;</strong></span> <span class='ocrx_word' id='word_1_680' title='bbox 2807 4241 2942 4296; x_wconf 90' lang='lat' dir='ltr'><strong>opus</strong></span> <span class='ocrx_word' id='word_1_681' title='bbox 2968 4241 3098 4280; x_wconf 89' lang='lat' dir='ltr'><strong>vero</strong></span> <span class='ocrx_word' id='word_1_682' title='bbox 3123 4226 3334 4306; x_wconf 71' lang='lat' dir='ltr'><strong>tardum</strong></span> <span class='ocrx_word' id='word_1_683' title='bbox 3358 4233 3466 4288; x_wconf 87' lang='lat' dir='ltr'><strong>est,</strong></span> <span class='ocrx_word' id='word_1_684' title='bbox 3503 4224 3636 4293; x_wconf 88' lang='lat' dir='ltr'><strong>quia</strong></span> <span class='ocrx_word' id='word_1_685' title='bbox 3677 4233 3733 4278; x_wconf 87' lang='lat' dir='ltr'><strong>et</strong></span> 
     </span>
    </p>
   </div>
   <div class='ocr_carea' id='block_1_90' title="bbox 2139 4302 3732 4402">
    <p class='ocr_par' dir='ltr' id='par_1_90' title="bbox 2139 4302 3732 4402">
     <span class='ocr_line' id='line_1_90' title="bbox 2139 4302 3732 4402; baseline -0.004 -27"><span class='ocrx_word' id='word_1_686' title='bbox 2139 4303 2315 4402; x_wconf 75' lang='lat' dir='ltr'><strong>usum,</strong></span> <span class='ocrx_word' id='word_1_687' title='bbox 2355 4327 2409 4380; x_wconf 85' lang='lat' dir='ltr'><strong>et</strong></span> <span class='ocrx_word' id='word_1_688' title='bbox 2437 4327 2632 4384; x_wconf 90' lang='lat' dir='ltr'><strong>artem,</strong></span> <span class='ocrx_word' id='word_1_689' title='bbox 2659 4325 2715 4371; x_wconf 88' lang='lat' dir='ltr'><strong>et</strong></span> <span class='ocrx_word' id='word_1_690' title='bbox 2743 4315 2978 4402; x_wconf 64' lang='lat' dir='ltr'><strong>laborent</strong></span> <span class='ocrx_word' id='word_1_691' title='bbox 3007 4316 3232 4402; x_wconf 85' lang='lat' dir='ltr'><strong>requirit</strong></span> <span class='ocrx_word' id='word_1_692' title='bbox 3257 4302 3539 4388; x_wconf 72' lang='lat' dir='ltr'><strong>open-andi.</strong></span> <span class='ocrx_word' id='word_1_693' title='bbox 3567 4313 3732 4381; x_wconf 86' lang='lat' dir='ltr'><strong>Quod</strong></span> 
     </span>
    </p>
   </div>
   <div class='ocr_carea' id='block_1_91' title="bbox 2141 4395 3734 4490">
    <p class='ocr_par' dir='ltr' id='par_1_91' title="bbox 2141 4395 3734 4490">
     <span class='ocr_line' id='line_1_91' title="bbox 2141 4395 3734 4490; baseline -0.004 -24"><span class='ocrx_word' id='word_1_694' title='bbox 2141 4395 2538 4490; x_wconf 31' lang='lat' dir='ltr'><strong>uit-evidentius</strong></span> <span class='ocrx_word' id='word_1_695' title='bbox 2581 4410 2692 4488; x_wconf 79' lang='lat' dir='ltr'><strong>ﬁat,</strong></span> <span class='ocrx_word' id='word_1_696' title='bbox 2721 4419 2939 4474; x_wconf 83' lang='lat' dir='ltr'><strong>utamur</strong></span> <span class='ocrx_word' id='word_1_697' title='bbox 2958 4395 3124 4490; x_wconf 81' lang='lat' dir='ltr'><strong>etiam</strong></span> <span class='ocrx_word' id='word_1_698' title='bbox 3150 4396 3499 4485; x_wconf 81' lang='lat' dir='ltr'><strong>similitudine</strong></span> <span class='ocrx_word' id='word_1_699' title='bbox 3543 4423 3734 4461; x_wconf 77' lang='lat' dir='ltr'><strong>exem-</strong></span> 
     </span>
    </p>
   </div>
   <div class='ocr_carea' id='block_1_92' title="bbox 343 4477 3728 4586">
    <p class='ocr_par' dir='ltr' id='par_1_92' title="bbox 343 4477 3728 4586">
     <span class='ocr_line' id='line_1_92' title="bbox 343 4477 3728 4586; baseline 0.002 -40"><span class='ocrx_word' id='word_1_700' title='bbox 343 4535 358 4546; x_wconf 74' lang='lat'><strong>.</strong></span> <span class='ocrx_word' id='word_1_701' title='bbox 453 4489 546 4560; x_wconf 88' lang='lat' dir='ltr'><strong>qui</strong></span> <span class='ocrx_word' id='word_1_702' title='bbox 578 4489 644 4586; x_wconf 64' lang='lat' dir='ltr'><strong>de</strong></span> <span class='ocrx_word' id='word_1_703' title='bbox 681 4477 818 4547; x_wconf 82' lang='lat' dir='ltr'><strong>coelo</strong></span> <span class='ocrx_word' id='word_1_704' title='bbox 863 4493 1176 4571; x_wconf 84' lang='lat' dir='ltr'><strong>descendit,</strong></span> <span class='ocrx_word' id='word_1_705' title='bbox 1209 4500 1408 4578; x_wconf 82' lang='lat' dir='ltr'><strong>quique</strong></span> <span class='ocrx_word' id='word_1_706' title='bbox 1446 4477 1714 4558; x_wconf 40' lang='lat' dir='ltr'><strong>con—fortat</strong></span> <span class='ocrx_word' id='word_1_707' title='bbox 1741 4518 1838 4579; x_wconf 77' lang='lat' dir='ltr'><strong>cor</strong></span> <span class='ocrx_word' id='word_1_708' title='bbox 1864 4505 2040 4586; x_wconf 31' lang='lat' dir='ltr'><strong>hornis</strong></span> <span class='ocrx_word' id='word_1_709' title='bbox 2069 4477 2237 4575; x_wconf 63' lang='grc' dir='ltr'>ηιριι,</span> <span class='ocrx_word' id='word_1_710' title='bbox 2265 4482 2417 4558; x_wconf 84' lang='lat' dir='ltr'><strong>verbi</strong></span> <span class='ocrx_word' id='word_1_711' title='bbox 2467 4477 2665 4576; x_wconf 76' lang='lat' dir='ltr'><strong>gratia,</strong></span> <span class='ocrx_word' id='word_1_712' title='bbox 2695 4501 2804 4576; x_wconf 82' lang='lat' dir='ltr'><strong>vult</strong></span> <span class='ocrx_word' id='word_1_713' title='bbox 2836 4501 2958 4571; x_wconf 86' lang='lat' dir='ltr'><strong>quis</strong></span> <span class='ocrx_word' id='word_1_714' title='bbox 2998 4477 3213 4582; x_wconf 76' lang='lat' dir='ltr'><strong>sapiens</strong></span> <span class='ocrx_word' id='word_1_715' title='bbox 3244 4478 3384 4586; x_wconf 60' lang='lat' dir='ltr'><strong>fieri,</strong></span> <span class='ocrx_word' id='word_1_716' title='bbox 3413 4513 3513 4552; x_wconf 88' lang='lat' dir='ltr'><strong>nec</strong></span> <span class='ocrx_word' id='word_1_717' title='bbox 3539 4507 3728 4552; x_wconf 81' lang='lat' dir='ltr'><strong>tamen</strong></span> 
     </span>
    </p>
   </div>
   <div class='ocr_carea' id='block_1_93' title="bbox 455 4579 2056 4674">
    <p class='ocr_par' dir='ltr' id='par_1_93' title="bbox 455 4579 2056 4674">
     <span class='ocr_line' id='line_1_93' title="bbox 455 4579 2056 4674; baseline 0.011 -37"><span class='ocrx_word' id='word_1_718' title='bbox 455 4584 540 4638; x_wconf 91' lang='lat' dir='ltr'><strong>nis</strong></span> <span class='ocrx_word' id='word_1_719' title='bbox 567 4579 741 4674; x_wconf 66' lang='lat' dir='ltr'><strong>(Psal.</strong></span> <span class='ocrx_word' id='word_1_720' title='bbox 787 4584 924 4661; x_wconf 79' lang='lat' dir='ltr'><strong>CIII),</strong></span> <span class='ocrx_word' id='word_1_721' title='bbox 951 4583 1120 4643; x_wconf 82' lang='lat' dir='ltr'><strong>edere</strong></span> <span class='ocrx_word' id='word_1_722' title='bbox 1147 4591 1349 4674; x_wconf 65' lang='lat' dir='ltr'><strong>absque</strong></span> <span class='ocrx_word' id='word_1_723' title='bbox 1399 4591 1576 4674; x_wconf 70' lang='lat' dir='ltr'><strong>vultus</strong></span> <span class='ocrx_word' id='word_1_724' title='bbox 1626 4595 1794 4652; x_wconf 90' lang='lat' dir='ltr'><strong>nostri</strong></span> <span class='ocrx_word' id='word_1_725' title='bbox 1843 4579 2056 4666; x_wconf 60' lang='lat' dir='ltr'><strong>sudore</strong></span> 
     </span>
    </p>
   </div>
   <div class='ocr_carea' id='block_1_94' title="bbox 453 4664 2039 4764">
    <p class='ocr_par' dir='ltr' id='par_1_94' title="bbox 453 4664 2039 4764">
     <span class='ocr_line' id='line_1_94' title="bbox 453 4664 2039 4764; baseline 0.009 -36"><span class='ocrx_word' id='word_1_726' title='bbox 453 4664 746 4745; x_wconf 82' lang='lat' dir='ltr'><strong>possimus.</strong></span> <span class='ocrx_word' id='word_1_727' title='bbox 773 4675 946 4758; x_wconf 75' lang='lat' dir='ltr'><strong>Omne</strong></span> <span class='ocrx_word' id='word_1_728' title='bbox 961 4675 1124 4750; x_wconf 89' lang='lat' dir='ltr'><strong>igitur</strong></span> <span class='ocrx_word' id='word_1_729' title='bbox 1145 4664 1441 4752; x_wconf 79' lang='lat' dir='ltr'><strong>humanum</strong></span> <span class='ocrx_word' id='word_1_730' title='bbox 1472 4664 1642 4756; x_wconf 75' lang='lat' dir='ltr'><strong>genus</strong></span> <span class='ocrx_word' id='word_1_731' title='bbox 1657 4671 2039 4764; x_wconf 70' lang='lat' dir='ltr'><strong>buicgenera-</strong></span> 
     </span>
    </p>
   </div>
   <div class='ocr_carea' id='block_1_95' title="bbox 455 4750 2060 4852">
    <p class='ocr_par' dir='ltr' id='par_1_95' title="bbox 455 4750 2060 4852">
     <span class='ocr_line' id='line_1_95' title="bbox 455 4750 2060 4852; baseline 0.005 -30"><span class='ocrx_word' id='word_1_732' title='bbox 455 4765 580 4822; x_wconf 81' lang='lat' dir='ltr'><strong>litrr</strong></span> <span class='ocrx_word' id='word_1_733' title='bbox 599 4763 700 4840; x_wconf 83' lang='lat' dir='ltr'><strong>legi</strong></span> <span class='ocrx_word' id='word_1_734' title='bbox 730 4769 846 4824; x_wconf 90' lang='lat' dir='ltr'><strong>sine</strong></span> <span class='ocrx_word' id='word_1_735' title='bbox 873 4750 978 4825; x_wconf 78' lang='lat' dir='ltr'><strong>ulla</strong></span> <span class='ocrx_word' id='word_1_736' title='bbox 1008 4773 1326 4843; x_wconf 76' lang='lat' dir='ltr'><strong>exceptione</strong></span> <span class='ocrx_word' id='word_1_737' title='bbox 1349 4750 1633 4842; x_wconf 73' lang='lat' dir='ltr'><strong>subjicitur</strong></span> <span class='ocrx_word' id='word_1_738' title='bbox 1657 4750 1865 4852; x_wconf 72' lang='lat' dir='ltr'><strong>:nulltis</strong></span> <span class='ocrx_word' id='word_1_739' title='bbox 1894 4758 2060 4847; x_wconf 22' lang='lat' dir='ltr'><strong>enim,</strong></span> 
     </span>
    </p>
   </div>
   <div class='ocr_carea' id='block_1_96' title="bbox 454 4859 2037 4939">
    <p class='ocr_par' dir='ltr' id='par_1_96' title="bbox 454 4859 2037 4939">
     <span class='ocr_line' id='line_1_96' title="bbox 454 4859 2037 4939; baseline 0.006 -28"><span class='ocrx_word' id='word_1_740' title='bbox 454 4865 554 4922; x_wconf 90' lang='lat' dir='ltr'><strong>est,</strong></span> <span class='ocrx_word' id='word_1_741' title='bbox 599 4859 846 4930; x_wconf 86' lang='lat' dir='ltr'><strong>quamvis</strong></span> <span class='ocrx_word' id='word_1_742' title='bbox 893 4869 1134 4927; x_wconf 80' lang='lat' dir='ltr'><strong>sanctus,</strong></span> <span class='ocrx_word' id='word_1_743' title='bbox 1163 4865 1254 4935; x_wconf 87' lang='lat' dir='ltr'><strong>qui</strong></span> <span class='ocrx_word' id='word_1_744' title='bbox 1285 4880 1444 4936; x_wconf 85' lang='lat' dir='ltr'><strong>supra</strong></span> <span class='ocrx_word' id='word_1_745' title='bbox 1485 4865 1688 4936; x_wconf 82' lang='lat' dir='ltr'><strong>dictum</strong></span> <span class='ocrx_word' id='word_1_746' title='bbox 1709 4881 1900 4939; x_wconf 82' lang='lat' dir='ltr'><strong>panem</strong></span> <span class='ocrx_word' id='word_1_747' title='bbox 1934 4883 2037 4922; x_wconf 90' lang='lat' dir='ltr'><strong>non</strong></span> 
     </span>
    </p>
   </div>
   <div class='ocr_carea' id='block_1_97' title="bbox 455 4941 2037 5018">
    <p class='ocr_par' dir='ltr' id='par_1_97' title="bbox 455 4941 2037 5018">
     <span class='ocr_line' id='line_1_97' title="bbox 455 4941 2037 5018; baseline 0.005 -14"><span class='ocrx_word' id='word_1_748' title='bbox 455 4965 578 5004; x_wconf 90' lang='lat' dir='ltr'><strong>cum</strong></span> <span class='ocrx_word' id='word_1_749' title='bbox 605 4950 802 5005; x_wconf 86' lang='lat' dir='ltr'><strong>sudore</strong></span> <span class='ocrx_word' id='word_1_750' title='bbox 828 4949 1012 5008; x_wconf 86' lang='lat' dir='ltr'><strong>vultus</strong></span> <span class='ocrx_word' id='word_1_751' title='bbox 1045 4953 1146 5018; x_wconf 84' lang='lat' dir='ltr'><strong>sui,</strong></span> <span class='ocrx_word' id='word_1_752' title='bbox 1179 4941 1235 5010; x_wconf 81' lang='lat' dir='ltr'><strong>et</strong></span> <span class='ocrx_word' id='word_1_753' title='bbox 1260 4955 1489 5010; x_wconf 91' lang='lat' dir='ltr'><strong>sollicita</strong></span> <span class='ocrx_word' id='word_1_754' title='bbox 1531 4955 1715 5011; x_wconf 89' lang='lat' dir='ltr'><strong>cordis</strong></span> <span class='ocrx_word' id='word_1_755' title='bbox 1739 4955 2037 5012; x_wconf 85' lang='lat' dir='ltr'><strong>intentione</strong></span> 
     </span>
    </p>
   </div>
   <div class='ocr_carea' id='block_1_98' title="bbox 456 5029 2038 5118">
    <p class='ocr_par' dir='ltr' id='par_1_98' title="bbox 456 5029 2038 5118">
     <span class='ocr_line' id='line_1_98' title="bbox 456 5029 2038 5118; baseline 0.006 -24"><span class='ocrx_word' id='word_1_756' title='bbox 456 5039 756 5112; x_wconf 66' lang='lat' dir='ltr'><strong>percipiat:</strong></span> <span class='ocrx_word' id='word_1_757' title='bbox 787 5052 1042 5100; x_wconf 61' lang='lat' dir='ltr'><strong>caeterum</strong></span> <span class='ocrx_word' id='word_1_758' title='bbox 1073 5029 1344 5100; x_wconf 84' lang='lat' dir='ltr'><strong>communi</strong></span> <span class='ocrx_word' id='word_1_759' title='bbox 1378 5032 1482 5102; x_wconf 81' lang='lat' dir='ltr'><strong>isto</strong></span> <span class='ocrx_word' id='word_1_760' title='bbox 1505 5063 1645 5118; x_wconf 87' lang='lat' dir='ltr'><strong>pane</strong></span> <span class='ocrx_word' id='word_1_761' title='bbox 1683 5047 1857 5114; x_wconf 90' lang='lat' dir='ltr'><strong>multi,</strong></span> <span class='ocrx_word' id='word_1_762' title='bbox 1884 5058 1942 5104; x_wconf 92' lang='lat' dir='ltr'><strong>ut</strong></span> <span class='ocrx_word' id='word_1_763' title='bbox 1961 5037 2038 5104; x_wconf 85' lang='lat' dir='ltr'><strong>vi-</strong></span> 
     </span>
    </p>
   </div>
   <div class='ocr_carea' id='block_1_99' title="bbox 457 5120 2035 5212">
    <p class='ocr_par' dir='ltr' id='par_1_99' title="bbox 457 5120 2035 5212">
     <span class='ocr_line' id='line_1_99' title="bbox 457 5120 2035 5212; baseline 0.006 -29"><span class='ocrx_word' id='word_1_764' title='bbox 457 5132 668 5195; x_wconf 88' lang='lat' dir='ltr'><strong>demus,</strong></span> <span class='ocrx_word' id='word_1_765' title='bbox 691 5133 888 5190; x_wconf 90' lang='lat' dir='ltr'><strong>divites</strong></span> <span class='ocrx_word' id='word_1_766' title='bbox 913 5133 1028 5190; x_wconf 87' lang='lat' dir='ltr'><strong>sine</strong></span> <span class='ocrx_word' id='word_1_767' title='bbox 1051 5135 1160 5190; x_wconf 90' lang='lat' dir='ltr'><strong>ullo</strong></span> <span class='ocrx_word' id='word_1_768' title='bbox 1189 5121 1368 5192; x_wconf 81' lang='lat' dir='ltr'><strong>vultus</strong></span> <span class='ocrx_word' id='word_1_769' title='bbox 1390 5120 1473 5192; x_wconf 88' lang='lat' dir='ltr'><strong>sui</strong></span> <span class='ocrx_word' id='word_1_770' title='bbox 1497 5139 1692 5194; x_wconf 87' lang='lat' dir='ltr'><strong>sudore</strong></span> <span class='ocrx_word' id='word_1_771' title='bbox 1725 5147 2035 5212; x_wconf 64' lang='lat' dir='ltr'><strong>vescuntur.</strong></span> 
     </span>
    </p>
   </div>
   <div class='ocr_carea' id='block_1_100' title="bbox 487 5217 2038 5310">
    <p class='ocr_par' dir='ltr' id='par_1_100' title="bbox 487 5217 2038 5310">
     <span class='ocr_line' id='line_1_100' title="bbox 487 5217 2038 5310; baseline 0.006 -36"><span class='ocrx_word' id='word_1_772' title='bbox 487 5297 493 5306; x_wconf 33' lang='grc' dir='ltr'><strong>Ι</strong></span> <span class='ocrx_word' id='word_1_773' title='bbox 531 5217 591 5275; x_wconf 85' lang='lat' dir='ltr'><strong>Si</strong></span> <span class='ocrx_word' id='word_1_774' title='bbox 615 5226 750 5310; x_wconf 76' lang='lat' dir='ltr'><strong>enim</strong></span> <span class='ocrx_word' id='word_1_775' title='bbox 779 5229 918 5296; x_wconf 85' lang='lat' dir='ltr'><strong>quod</strong></span> <span class='ocrx_word' id='word_1_776' title='bbox 949 5227 1093 5292; x_wconf 82' lang='lat' dir='ltr'><strong>nolo,</strong></span> <span class='ocrx_word' id='word_1_777' title='bbox 1119 5225 1310 5298; x_wconf 82' lang='lat' dir='ltr'><strong>inquit,</strong></span> <span class='ocrx_word' id='word_1_778' title='bbox 1334 5229 1431 5310; x_wconf 66' lang='lat' dir='ltr'><strong>nuc</strong></span> <span class='ocrx_word' id='word_1_779' title='bbox 1463 5228 1623 5303; x_wconf 85' lang='lat' dir='ltr'><strong>facio,</strong></span> <span class='ocrx_word' id='word_1_780' title='bbox 1645 5229 1762 5304; x_wconf 87' lang='lat' dir='ltr'><strong>jam</strong></span> <span class='ocrx_word' id='word_1_781' title='bbox 1807 5249 1909 5286; x_wconf 83' lang='lat' dir='ltr'><strong>non</strong></span> <span class='ocrx_word' id='word_1_782' title='bbox 1945 5248 2038 5303; x_wconf 84' lang='lat' dir='ltr'><strong>ego</strong></span> 
     </span>
    </p>
   </div>
   <div class='ocr_carea' id='block_1_101' title="bbox 458 5303 2039 5405">
    <p class='ocr_par' dir='ltr' id='par_1_101' title="bbox 458 5303 2039 5405">
     <span class='ocr_line' id='line_1_101' title="bbox 458 5303 2039 5405; baseline 0.006 -39"><span class='ocrx_word' id='word_1_783' title='bbox 458 5303 649 5405; x_wconf 56' lang='lat' dir='ltr'><strong>operor</strong></span> <span class='ocrx_word' id='word_1_784' title='bbox 675 5303 938 5403; x_wconf 49' lang='lat' dir='ltr'><strong>illumsed</strong></span> <span class='ocrx_word' id='word_1_785' title='bbox 962 5321 1102 5392; x_wconf 85' lang='lat' dir='ltr'><strong>quod</strong></span> <span class='ocrx_word' id='word_1_786' title='bbox 1123 5317 1324 5378; x_wconf 75' lang='lat' dir='ltr'><strong>habitat</strong></span> <span class='ocrx_word' id='word_1_787' title='bbox 1349 5303 1409 5375; x_wconf 80' lang='lat' dir='ltr'><strong>in</strong></span> <span class='ocrx_word' id='word_1_788' title='bbox 1431 5339 1514 5405; x_wconf 57' lang='lat' dir='ltr'><strong>me</strong></span> <span class='ocrx_word' id='word_1_789' title='bbox 1538 5331 1826 5394; x_wconf 79' lang='lat' dir='ltr'><strong>peccatum.</strong></span> <span class='ocrx_word' id='word_1_790' title='bbox 1854 5321 2039 5399; x_wconf 71' lang='lat' dir='ltr'><strong>(Aug)</strong></span> 
     </span>
    </p>
   </div>
   <div class='ocr_carea' id='block_1_102' title="bbox 456 5399 2038 5483">
    <p class='ocr_par' dir='ltr' id='par_1_102' title="bbox 456 5399 2038 5483">
     <span class='ocr_line' id='line_1_102' title="bbox 456 5399 2038 5483; baseline 0.004 -21"><span class='ocrx_word' id='word_1_791' title='bbox 456 5399 600 5473; x_wconf 78' lang='lat' dir='ltr'><strong>Ecce</strong></span> <span class='ocrx_word' id='word_1_792' title='bbox 645 5399 1095 5475; x_wconf 82' lang='lat' dir='ltr'><strong>quemadmodum</strong></span> <span class='ocrx_word' id='word_1_793' title='bbox 1133 5413 1224 5483; x_wconf 91' lang='lat' dir='ltr'><strong>qui</strong></span> <span class='ocrx_word' id='word_1_794' title='bbox 1257 5399 1534 5470; x_wconf 73' lang='lat' dir='ltr'><strong>aunbulant</strong></span> <span class='ocrx_word' id='word_1_795' title='bbox 1574 5415 1628 5468; x_wconf 92' lang='lat' dir='ltr'><strong>in</strong></span> <span class='ocrx_word' id='word_1_796' title='bbox 1683 5415 1786 5469; x_wconf 88' lang='lat' dir='ltr'><strong>viis</strong></span> <span class='ocrx_word' id='word_1_797' title='bbox 1827 5413 2038 5470; x_wconf 85' lang='lat' dir='ltr'><strong>Domini</strong></span> 
     </span>
    </p>
   </div>
   <div class='ocr_carea' id='block_1_103' title="bbox 459 5505 2057 5570">
    <p class='ocr_par' dir='ltr' id='par_1_103' title="bbox 459 5505 2057 5570">
     <span class='ocr_line' id='line_1_103' title="bbox 459 5505 2057 5570; baseline 0.006 -18"><span class='ocrx_word' id='word_1_798' title='bbox 459 5512 568 5552; x_wconf 86' lang='lat' dir='ltr'><strong>non</strong></span> <span class='ocrx_word' id='word_1_799' title='bbox 605 5507 898 5570; x_wconf 81' lang='lat' dir='ltr'><strong>operantur</strong></span> <span class='ocrx_word' id='word_1_800' title='bbox 928 5506 1204 5569; x_wconf 89' lang='lat' dir='ltr'><strong>peccatum</strong></span> <span class='ocrx_word' id='word_1_801' title='bbox 1233 5545 1245 5568; x_wconf 96' lang='lat'><strong>,</strong></span> <span class='ocrx_word' id='word_1_802' title='bbox 1285 5511 1338 5560; x_wconf 90' lang='lat' dir='ltr'><strong>et</strong></span> <span class='ocrx_word' id='word_1_803' title='bbox 1377 5514 1554 5560; x_wconf 87' lang='lat' dir='ltr'><strong>tamen</strong></span> <span class='ocrx_word' id='word_1_804' title='bbox 1601 5521 1707 5560; x_wconf 93' lang='lat' dir='ltr'><strong>non</strong></span> <span class='ocrx_word' id='word_1_805' title='bbox 1750 5513 1877 5559; x_wconf 81' lang='lat' dir='ltr'><strong>sunt</strong></span> <span class='ocrx_word' id='word_1_806' title='bbox 1925 5505 2057 5561; x_wconf 82' lang='lat' dir='ltr'><strong>sine‘</strong></span> 
     </span>
    </p>
   </div>
   <div class='ocr_carea' id='block_1_104' title="bbox 461 5584 2043 5674">
    <p class='ocr_par' dir='ltr' id='par_1_104' title="bbox 461 5584 2043 5674">
     <span class='ocr_line' id='line_1_104' title="bbox 461 5584 2043 5674; baseline 0.006 -32"><span class='ocrx_word' id='word_1_807' title='bbox 461 5597 733 5674; x_wconf 73' lang='lat' dir='ltr'><strong>peccato,</strong></span> <span class='ocrx_word' id='word_1_808' title='bbox 781 5584 914 5674; x_wconf 77' lang='lat' dir='ltr'><strong>quia</strong></span> <span class='ocrx_word' id='word_1_809' title='bbox 944 5584 1056 5661; x_wconf 78' lang='lat' dir='ltr'><strong>jam</strong></span> <span class='ocrx_word' id='word_1_810' title='bbox 1097 5609 1202 5648; x_wconf 92' lang='lat' dir='ltr'><strong>non</strong></span> <span class='ocrx_word' id='word_1_811' title='bbox 1249 5591 1348 5666; x_wconf 90' lang='lat' dir='ltr'><strong>ipsi</strong></span> <span class='ocrx_word' id='word_1_812' title='bbox 1393 5587 1686 5665; x_wconf 85' lang='lat' dir='ltr'><strong>operantur</strong></span> <span class='ocrx_word' id='word_1_813' title='bbox 1725 5593 1852 5649; x_wconf 87' lang='lat' dir='ltr'><strong>illud</strong></span> <span class='ocrx_word' id='word_1_814' title='bbox 1879 5636 1893 5659; x_wconf 92' lang='lat'><strong>,</strong></span> <span class='ocrx_word' id='word_1_815' title='bbox 1945 5595 2043 5674; x_wconf 85' lang='lat' dir='ltr'><strong>sed</strong></span> 
     </span>
    </p>
   </div>
   <div class='ocr_carea' id='block_1_105' title="bbox 463 5667 2040 5784">
    <p class='ocr_par' dir='ltr' id='par_1_105' title="bbox 463 5667 2040 5784">
     <span class='ocr_line' id='line_1_105' title="bbox 463 5667 2040 5784; baseline 0.005 -51"><span class='ocrx_word' id='word_1_816' title='bbox 463 5667 605 5750; x_wconf 79' lang='lat' dir='ltr'><strong>quod</strong></span> <span class='ocrx_word' id='word_1_817' title='bbox 645 5667 836 5740; x_wconf 37' lang='lat' dir='ltr'><strong>&#39;in&#39;eis</strong></span> <span class='ocrx_word' id='word_1_818' title='bbox 865 5683 1088 5782; x_wconf 22' lang='lat' dir='ltr'><strong>“habitat</strong></span> <span class='ocrx_word' id='word_1_819' title='bbox 1137 5677 1444 5773; x_wconf 69' lang='lat' dir='ltr'><strong>peccatum.</strong></span> <span class='ocrx_word' id='word_1_820' title='bbox 1479 5667 2040 5784; x_wconf 45' lang='lat' dir='ltr'><strong>‘Hic‘dicetualiquis,</strong></span> 
     </span>
    </p>
   </div>
   <div class='ocr_carea' id='block_1_106' title="bbox 2137 4571 3730 4672">
    <p class='ocr_par' dir='ltr' id='par_1_106' title="bbox 2137 4571 3730 4672">
     <span class='ocr_line' id='line_1_106' title="bbox 2137 4571 3730 4672; baseline -0.006 -20"><span class='ocrx_word' id='word_1_821' title='bbox 2137 4571 2318 4652; x_wconf 77' lang='lat' dir='ltr'><strong>statim</strong></span> <span class='ocrx_word' id='word_1_822' title='bbox 2365 4603 2428 4653; x_wconf 87' lang='lat' dir='ltr'><strong>ut</strong></span> <span class='ocrx_word' id='word_1_823' title='bbox 2474 4571 2646 4649; x_wconf 78' lang='lat' dir='ltr'><strong>voluit</strong></span> <span class='ocrx_word' id='word_1_824' title='bbox 2693 4571 2908 4662; x_wconf 82' lang='lat' dir='ltr'><strong>sapiens</strong></span> <span class='ocrx_word' id='word_1_825' title='bbox 2935 4571 3178 4672; x_wconf 55' lang='lat' dir='ltr'><strong>effectus</strong></span> <span class='ocrx_word' id='word_1_826' title='bbox 3205 4573 3310 4654; x_wconf 78' lang='lat' dir='ltr'><strong>est,</strong></span> <span class='ocrx_word' id='word_1_827' title='bbox 3341 4571 3436 4645; x_wconf 69' lang='lat' dir='ltr'><strong>scd</strong></span> <span class='ocrx_word' id='word_1_828' title='bbox 3467 4587 3730 4644; x_wconf 76' lang='lat' dir='ltr'><strong>voluntas</strong></span> 
     </span>
    </p>
   </div>
   <div class='ocr_carea' id='block_1_107' title="bbox 2134 4672 3729 4762">
    <p class='ocr_par' dir='ltr' id='par_1_107' title="bbox 2134 4672 3729 4762">
     <span class='ocr_line' id='line_1_107' title="bbox 2134 4672 3729 4762; baseline -0.007 -20"><span class='ocrx_word' id='word_1_829' title='bbox 2134 4688 2350 4757; x_wconf 86' lang='lat' dir='ltr'><strong>quidem</strong></span> <span class='ocrx_word' id='word_1_830' title='bbox 2383 4687 2680 4762; x_wconf 66' lang='lat' dir='ltr'><strong>praecessit,</strong></span> <span class='ocrx_word' id='word_1_831' title='bbox 2731 4699 2830 4760; x_wconf 83' lang='lat' dir='ltr'><strong>nec</strong></span> <span class='ocrx_word' id='word_1_832' title='bbox 2861 4683 2997 4762; x_wconf 50' lang='lat' dir='ltr'><strong>:sine</strong></span> <span class='ocrx_word' id='word_1_833' title='bbox 3025 4681 3300 4762; x_wconf 80' lang='lat' dir='ltr'><strong>voluntate</strong></span> <span class='ocrx_word' id='word_1_834' title='bbox 3352 4672 3548 4749; x_wconf 88' lang='lat' dir='ltr'><strong>aliquis</strong></span> <span class='ocrx_word' id='word_1_835' title='bbox 3597 4677 3729 4732; x_wconf 78' lang='lat' dir='ltr'><strong>ﬁeri</strong></span> 
     </span>
    </p>
   </div>
   <div class='ocr_carea' id='block_1_108' title="bbox 2136 4751 3730 4852">
    <p class='ocr_par' dir='ltr' id='par_1_108' title="bbox 2136 4751 3730 4852">
     <span class='ocr_line' id='line_1_108' title="bbox 2136 4751 3730 4852; baseline -0.007 -19"><span class='ocrx_word' id='word_1_836' title='bbox 2136 4751 2352 4852; x_wconf 76' lang='lat' dir='ltr'><strong>sapiens</strong></span> <span class='ocrx_word' id='word_1_837' title='bbox 2385 4751 2604 4847; x_wconf 77' lang='lat' dir='ltr'><strong>potest:</strong></span> <span class='ocrx_word' id='word_1_838' title='bbox 2651 4751 2958 4842; x_wconf 21' lang='lat' dir='ltr'><strong>sedllamen‘</strong></span> <span class='ocrx_word' id='word_1_839' title='bbox 2980 4787 3102 4828; x_wconf 90' lang='lat' dir='ltr'><strong>cum</strong></span> <span class='ocrx_word' id='word_1_840' title='bbox 3135 4754 3592 4852; x_wconf 77' lang='lat' dir='ltr'><strong>voluntasl&#39;uerit,</strong></span> <span class='ocrx_word' id='word_1_841' title='bbox 3623 4769 3730 4822; x_wconf 84' lang='lat' dir='ltr'><strong>ad-</strong></span> 
     </span>
    </p>
   </div>
   <div class='ocr_carea' id='block_1_109' title="bbox 2142 4849 3726 4946">
    <p class='ocr_par' dir='ltr' id='par_1_109' title="bbox 2142 4849 3726 4946">
     <span class='ocr_line' id='line_1_109' title="bbox 2142 4849 3726 4946; baseline -0.008 -19"><span class='ocrx_word' id='word_1_842' title='bbox 2142 4849 2406 4927; x_wconf 81' lang='lat' dir='ltr'><strong>hibendus</strong></span> <span class='ocrx_word' id='word_1_843' title='bbox 2454 4878 2536 4925; x_wconf 86' lang='lat' dir='ltr'><strong>est</strong></span> <span class='ocrx_word' id='word_1_844' title='bbox 2578 4868 2757 4933; x_wconf 56' lang='lat' dir='ltr'><strong>,labor,</strong></span> <span class='ocrx_word' id='word_1_845' title='bbox 2809 4867 3076 4943; x_wconf 74' lang='lat' dir='ltr'><strong>studium,</strong></span> <span class='ocrx_word' id='word_1_846' title='bbox 3113 4849 3442 4943; x_wconf 80' lang='lat' dir='ltr'><strong>sollicitudo,</strong></span> <span class='ocrx_word' id='word_1_847' title='bbox 3495 4862 3726 4946; x_wconf 65' lang='lat' dir='ltr'><strong>vigiliae,</strong></span> 
     </span>
    </p>
   </div>
   <div class='ocr_carea' id='block_1_110' title="bbox 2144 4945 3725 5037">
    <p class='ocr_par' dir='ltr' id='par_1_110' title="bbox 2144 4945 3725 5037">
     <span class='ocr_line' id='line_1_110' title="bbox 2144 4945 3725 5037; baseline -0.006 -20"><span class='ocrx_word' id='word_1_848' title='bbox 2144 4963 2409 5028; x_wconf 89' lang='lat' dir='ltr'><strong>doctrina,</strong></span> <span class='ocrx_word' id='word_1_849' title='bbox 2443 4961 2740 5030; x_wconf 67' lang='lat' dir='ltr'><strong>institutio,</strong></span> <span class='ocrx_word' id='word_1_850' title='bbox 2770 4969 2826 5016; x_wconf 86' lang='lat' dir='ltr'><strong>et</strong></span> <span class='ocrx_word' id='word_1_851' title='bbox 2870 4959 2957 5016; x_wconf 81' lang='lat' dir='ltr'><strong>vix</strong></span> <span class='ocrx_word' id='word_1_852' title='bbox 2979 4957 3276 5037; x_wconf 74' lang='lat' dir='ltr'><strong>aliquando</strong></span> <span class='ocrx_word' id='word_1_853' title='bbox 3311 4973 3412 5012; x_wconf 89' lang='lat' dir='ltr'><strong>usu</strong></span> <span class='ocrx_word' id='word_1_854' title='bbox 3441 4945 3614 5026; x_wconf 78' lang='lat' dir='ltr'><strong>leuga,</strong></span> <span class='ocrx_word' id='word_1_855' title='bbox 3665 4963 3725 5008; x_wconf 81' lang='lat' dir='ltr'><strong>et</strong></span> 
     </span>
    </p>
   </div>
   <div class='ocr_carea' id='block_1_111' title="bbox 2144 5040 3729 5126">
    <p class='ocr_par' dir='ltr' id='par_1_111' title="bbox 2144 5040 3729 5126">
     <span class='ocr_line' id='line_1_111' title="bbox 2144 5040 3729 5126; baseline -0.008 -18"><span class='ocrx_word' id='word_1_856' title='bbox 2144 5053 2492 5125; x_wconf 81' lang='lat' dir='ltr'><strong>meditatione</strong></span> <span class='ocrx_word' id='word_1_857' title='bbox 2517 5049 2773 5106; x_wconf 90' lang='lat' dir='ltr'><strong>continua</strong></span> <span class='ocrx_word' id='word_1_858' title='bbox 2827 5050 3044 5122; x_wconf 86' lang='lat' dir='ltr'><strong>sapiens</strong></span> <span class='ocrx_word' id='word_1_859' title='bbox 3069 5046 3320 5126; x_wconf 83' lang='lat' dir='ltr'><strong>ellicitur.</strong></span> <span class='ocrx_word' id='word_1_860' title='bbox 3361 5040 3467 5100; x_wconf 80' lang='lat' dir='ltr'><strong>Iste</strong></span> <span class='ocrx_word' id='word_1_861' title='bbox 3494 5059 3622 5113; x_wconf 88' lang='lat' dir='ltr'><strong>ergo</strong></span> <span class='ocrx_word' id='word_1_862' title='bbox 3652 5043 3729 5096; x_wconf 83' lang='lat' dir='ltr'><strong>ab</strong></span> 
     </span>
    </p>
   </div>
   <div class='ocr_carea' id='block_1_112' title="bbox 2144 5127 3732 5212">
    <p class='ocr_par' dir='ltr' id='par_1_112' title="bbox 2144 5127 3732 5212">
     <span class='ocr_line' id='line_1_112' title="bbox 2144 5127 3732 5212; baseline -0.007 -12"><span class='ocrx_word' id='word_1_863' title='bbox 2144 5143 2300 5200; x_wconf 90' lang='lat' dir='ltr'><strong>initio</strong></span> <span class='ocrx_word' id='word_1_864' title='bbox 2332 5143 2546 5212; x_wconf 85' lang='lat' dir='ltr'><strong>quidem</strong></span> <span class='ocrx_word' id='word_1_865' title='bbox 2597 5141 2781 5201; x_wconf 86' lang='lat' dir='ltr'><strong>statim</strong></span> <span class='ocrx_word' id='word_1_866' title='bbox 2829 5127 3162 5196; x_wconf 88' lang='lat' dir='ltr'><strong>voluntatem</strong></span> <span class='ocrx_word' id='word_1_867' title='bbox 3193 5137 3384 5192; x_wconf 87' lang='lat' dir='ltr'><strong>habuit</strong></span> <span class='ocrx_word' id='word_1_868' title='bbox 3413 5177 3428 5203; x_wconf 92' lang='lat'><strong>,</strong></span> <span class='ocrx_word' id='word_1_869' title='bbox 3482 5145 3546 5190; x_wconf 88' lang='lat' dir='ltr'><strong>ut</strong></span> <span class='ocrx_word' id='word_1_870' title='bbox 3575 5143 3732 5192; x_wconf 81' lang='lat' dir='ltr'><strong>esset</strong></span> 
     </span>
    </p>
   </div>
   <div class='ocr_carea' id='block_1_113' title="bbox 2145 5213 3728 5312">
    <p class='ocr_par' dir='ltr' id='par_1_113' title="bbox 2145 5213 3728 5312">
     <span class='ocr_line' id='line_1_113' title="bbox 2145 5213 3728 5312; baseline -0.006 -22"><span class='ocrx_word' id='word_1_871' title='bbox 2145 5216 2378 5306; x_wconf 69' lang='lat' dir='ltr'><strong>sapiens,</strong></span> <span class='ocrx_word' id='word_1_872' title='bbox 2397 5233 2614 5308; x_wconf 73' lang='lat' dir='ltr'><strong>sednou</strong></span> <span class='ocrx_word' id='word_1_873' title='bbox 2635 5233 2815 5292; x_wconf 86' lang='lat' dir='ltr'><strong>statim</strong></span> <span class='ocrx_word' id='word_1_874' title='bbox 2833 5229 2986 5312; x_wconf 35' lang='lat' dir='ltr'><strong>all‘uilt</strong></span> <span class='ocrx_word' id='word_1_875' title='bbox 3004 5229 3050 5284; x_wconf 91' lang='lat' dir='ltr'><strong>ei</strong></span> <span class='ocrx_word' id='word_1_876' title='bbox 3074 5213 3210 5300; x_wconf 81' lang='lat' dir='ltr'><strong>opus</strong></span> <span class='ocrx_word' id='word_1_877' title='bbox 3227 5217 3537 5298; x_wconf 76' lang='lat' dir='ltr'><strong>sapientiae;</strong></span> <span class='ocrx_word' id='word_1_878' title='bbox 3558 5224 3650 5280; x_wconf 85' lang='lat' dir='ltr'><strong>sed</strong></span> <span class='ocrx_word' id='word_1_879' title='bbox 3667 5234 3728 5308; x_wconf 78' lang='lat' dir='ltr'><strong>et</strong></span> 
     </span>
    </p>
   </div>
   <div class='ocr_carea' id='block_1_114' title="bbox 2146 5318 3730 5401">
    <p class='ocr_par' dir='ltr' id='par_1_114' title="bbox 2146 5318 3730 5401">
     <span class='ocr_line' id='line_1_114' title="bbox 2146 5318 3730 5401; baseline -0.004 -22"><span class='ocrx_word' id='word_1_880' title='bbox 2146 5325 2200 5378; x_wconf 91' lang='lat' dir='ltr'><strong>in</strong></span> <span class='ocrx_word' id='word_1_881' title='bbox 2226 5341 2290 5379; x_wconf 90' lang='lat' dir='ltr'><strong>eo</strong></span> <span class='ocrx_word' id='word_1_882' title='bbox 2312 5325 2428 5398; x_wconf 86' lang='lat' dir='ltr'><strong>ipso</strong></span> <span class='ocrx_word' id='word_1_883' title='bbox 2448 5339 2571 5398; x_wconf 85' lang='lat' dir='ltr'><strong>cum</strong></span> <span class='ocrx_word' id='word_1_884' title='bbox 2602 5323 2848 5401; x_wconf 83' lang='lat' dir='ltr'><strong>eruditur</strong></span> <span class='ocrx_word' id='word_1_885' title='bbox 2867 5331 2927 5377; x_wconf 93' lang='lat' dir='ltr'><strong>ut</strong></span> <span class='ocrx_word' id='word_1_886' title='bbox 2951 5322 3163 5400; x_wconf 70' lang='lat' dir='ltr'><strong>sapiens</strong></span> <span class='ocrx_word' id='word_1_887' title='bbox 3185 5320 3296 5393; x_wconf 78' lang='lat' dir='ltr'><strong>ﬂat,</strong></span> <span class='ocrx_word' id='word_1_888' title='bbox 3315 5330 3516 5396; x_wconf 83' lang='lat' dir='ltr'><strong>quanta</strong></span> <span class='ocrx_word' id='word_1_889' title='bbox 3533 5318 3730 5382; x_wconf 78' lang='lat' dir='ltr'><strong>stulte,</strong></span> 
     </span>
    </p>
   </div>
   <div class='ocr_carea' id='block_1_115' title="bbox 2143 5402 3730 5483">
    <p class='ocr_par' dir='ltr' id='par_1_115' title="bbox 2143 5402 3730 5483">
     <span class='ocr_line' id='line_1_115' title="bbox 2143 5402 3730 5483; baseline -0.004 -16"><span class='ocrx_word' id='word_1_890' title='bbox 2143 5421 2198 5467; x_wconf 90' lang='lat' dir='ltr'><strong>et</strong></span> <span class='ocrx_word' id='word_1_891' title='bbox 2226 5421 2412 5468; x_wconf 84' lang='lat' dir='ltr'><strong>contra</strong></span> <span class='ocrx_word' id='word_1_892' title='bbox 2443 5412 2764 5482; x_wconf 86' lang='lat' dir='ltr'><strong>sapientiam</strong></span> <span class='ocrx_word' id='word_1_893' title='bbox 2798 5411 2998 5483; x_wconf 84' lang='lat' dir='ltr'><strong>gessit!</strong></span> <span class='ocrx_word' id='word_1_894' title='bbox 3035 5410 3136 5478; x_wconf 83' lang='lat' dir='ltr'><strong>Qui</strong></span> <span class='ocrx_word' id='word_1_895' title='bbox 3189 5402 3370 5464; x_wconf 81' lang='lat' dir='ltr'><strong>tamen</strong></span> <span class='ocrx_word' id='word_1_896' title='bbox 3419 5405 3730 5478; x_wconf 74' lang='lat' dir='ltr'><strong>intelligere</strong></span> 
     </span>
    </p>
   </div>
   <div class='ocr_carea' id='block_1_116' title="bbox 2145 5487 3729 5584">
    <p class='ocr_par' dir='ltr' id='par_1_116' title="bbox 2145 5487 3729 5584">
     <span class='ocr_line' id='line_1_116' title="bbox 2145 5487 3729 5584; baseline -0.006 -27"><span class='ocrx_word' id='word_1_897' title='bbox 2145 5488 2360 5584; x_wconf 83' lang='lat' dir='ltr'><strong>quidem</strong></span> <span class='ocrx_word' id='word_1_898' title='bbox 2408 5501 2578 5574; x_wconf 91' lang='lat' dir='ltr'><strong>potuit</strong></span> <span class='ocrx_word' id='word_1_899' title='bbox 2608 5489 2770 5572; x_wconf 77' lang='lat' dir='ltr'><strong>quam</strong></span> <span class='ocrx_word' id='word_1_900' title='bbox 2803 5501 2978 5573; x_wconf 77' lang='lat' dir='ltr'><strong>stulte</strong></span> <span class='ocrx_word' id='word_1_901' title='bbox 3004 5488 3262 5584; x_wconf 71' lang='lat' dir='ltr'><strong>gesserit;</strong></span> <span class='ocrx_word' id='word_1_902' title='bbox 3295 5487 3546 5584; x_wconf 61' lang='lat' dir='ltr'><strong>habebat</strong></span> <span class='ocrx_word' id='word_1_903' title='bbox 3577 5493 3729 5584; x_wconf 83' lang='lat' dir='ltr'><strong>enim</strong></span> 
     </span>
    </p>
   </div>
   <div class='ocr_carea' id='block_1_117' title="bbox 2142 5574 3762 5674">
    <p class='ocr_par' dir='ltr' id='par_1_117' title="bbox 2142 5574 3762 5674">
     <span class='ocr_line' id='line_1_117' title="bbox 2142 5574 3762 5674; baseline -0.006 -26"><span class='ocrx_word' id='word_1_904' title='bbox 2142 5574 2252 5664; x_wconf 71' lang='lat' dir='ltr'><strong>jam</strong></span> <span class='ocrx_word' id='word_1_905' title='bbox 2282 5592 2516 5648; x_wconf 88' lang='lat' dir='ltr'><strong>studium</strong></span> <span class='ocrx_word' id='word_1_906' title='bbox 2541 5593 2852 5662; x_wconf 59' lang='lat' dir='ltr'><strong>‘sapientim;</strong></span> <span class='ocrx_word' id='word_1_907' title='bbox 2895 5607 3000 5644; x_wconf 92' lang='lat' dir='ltr'><strong>non</strong></span> <span class='ocrx_word' id='word_1_908' title='bbox 3033 5574 3317 5674; x_wconf 54' lang='lat' dir='ltr'><strong>tamenim</strong></span> <span class='ocrx_word' id='word_1_909' title='bbox 3354 5574 3762 5674; x_wconf 38' lang='lat' dir='ltr'><strong>jamlsapieus‘</strong></span> 
     </span>
    </p>
   </div>
   <div class='ocr_carea' id='block_1_118' title="bbox 2148 5661 3730 5778">
    <p class='ocr_par' dir='ltr' id='par_1_118' title="bbox 2148 5661 3730 5778">
     <span class='ocr_line' id='line_1_118' title="bbox 2148 5661 3730 5778; baseline -0.006 -36"><span class='ocrx_word' id='word_1_910' title='bbox 2148 5661 2286 5763; x_wconf 83' lang='lat' dir='ltr'><strong>erat,</strong></span> <span class='ocrx_word' id='word_1_911' title='bbox 2320 5679 2816 5778; x_wconf 35' lang='lat' dir='ltr'><strong>itteaveqe&#39;posset</strong></span> <span class='ocrx_word' id='word_1_912' title='bbox 2838 5700 2906 5738; x_wconf 88' lang='lat' dir='ltr'><strong>ne</strong></span> <span class='ocrx_word' id='word_1_913' title='bbox 2946 5661 3730 5770; x_wconf 28' lang='lat' dir='ltr'><strong>&#39;quld’insipienter‘adm‘itte-i</strong></span> 
     </span>
    </p>
   </div>
   <div class='ocr_carea' id='block_1_119' title="bbox 3579 269 3774 327">
    <p class='ocr_par' dir='ltr' id='par_1_119' title="bbox 3579 269 3774 327">
     <span class='ocr_line' id='line_1_119' title="bbox 3579 269 3774 327; baseline 0.026 -5"><span class='ocrx_word' id='word_1_914' title='bbox 3579 270 3606 322; x_wconf 76' lang='grc'>1</span> <span class='ocrx_word' id='word_1_915' title='bbox 3619 269 3774 327; x_wconf 63' lang='grc' dir='ltr'>ιδξ.</span> 
     </span>
    </p>
   </div>
   <div class='ocr_carea' id='block_1_120' title="bbox 3943 829 3946 1036">
    <p class='ocr_par' dir='ltr' id='par_1_120' title="bbox 3943 829 3946 1036">
     <span class='ocr_line' id='line_1_120' title="bbox 3943 829 3946 1036; baseline 0 0"><span class='ocrx_word' id='word_1_916' title='bbox 3943 829 3946 1036; x_wconf 74' lang='grc' dir='ltr'><strong>ι</strong></span> 
     </span>
    </p>
   </div>
   <div class='ocr_carea' id='block_1_121' title="bbox 3940 1115 3946 1348">
    <p class='ocr_par' dir='ltr' id='par_1_121' title="bbox 3940 1115 3946 1348">
     <span class='ocr_line' id='line_1_121' title="bbox 3940 1115 3946 1348; baseline 0 0"><span class='ocrx_word' id='word_1_917' title='bbox 3940 1115 3946 1348; x_wconf 72' lang='grc'><strong>1</strong></span> 
     </span>
    </p>
   </div>
  </div>
