4000 6398
280 339 436 418 tsss'
479 391 486 398 ς

787 329 1336 407 sustinuimus
1370 327 1442 405 in
1481 335 1633 404 cur.
1674 323 1890 403 muni
1915 322 2048 402 Ltb.’
2087 317 2287 405 iv.'i—
2311 321 2664 407 :tN’EPI's'r.
2705 317 2797 406 Ᾰι)
2837 323 3008 410 non.

3400 330 3538 412 im

298 471 403 524 rei.
446 469 550 525 Iste
580 470 714 524 ordo
740 478 796 524 ct
849 468 915 523 de
943 467 1204 538 pudicitia
1257 459 1669 530 est'habcndus,
1719 463 1863 534 quod
1890 429 2056 532 ,(’ῑυὲ
2084 451 2186 519 scit
2239 461 2452 520 fortiter
2504 469 2858 524 tentationem
2895 467 3038 524 ferre
3095 445 3446 540 certaminis,
3481 482 3538 547 et

287 559 408 622 noti
453 561 636 616 statim
688 559 810 628 quis
861 567 920 614 ut
965 557 1196 612 voluerit
1237 550 1546 628 pudicitiam
1596 552 1858 626 proﬁteri,

289 655 454 708 etiam
485 667 647 723 opere
675 647 934 721 implebit,
992 635 1054 704 ut
1082 649 1242 704 nullis
1271 647 1717 718 concupiscentia:
1763 635 1872 702 εἰμ’

292 742 449 796 mtiliti
475 743 726 812 agitetur.
778 735 872 795 Sic
924 747 980 794 et
1016 740 1083 794 de
1113 729 1544 803 mansuetudine,
1576 746 1631 792 et
1659 738 1726 792 de
1771 752 1864 808 pa-

293 829 498 899 tientia,
523 844 578 888 et
597 833 663 889 de
689 831 912 904 singulis
941 832 1241 903 quibusque
1269 827 1560 887 virtutibus
1587 823 1863 887 sciendum

291 935 394 989 est,
426 925 478 978 in
509 925 702 992 quibus
725 922 976 978 omnibus
1001 923 1106 976 dict
1134 923 1422 976 convenit:
1457 907 1596 986 Q'uia
1619 917 1860 976 co'ndele-

291 1025 406 1068 ctor
447 1013 547 1083 legi
576 1012 696 1078 Dei,
731 1013 833 1067 hoc
853 1012 939 1066 est
963 1006 1273 1074 virtutibus,
1305 1011 1592 1066 secundum
1641 1011 1860 1065 interio-

294 1121 399 1160 rem
447 1105 726 1158 hominem.
775 1101 979 1174 (Amb.)
1010 1101 1259 1156 Animum
1290 1101 1374 1156 his
1421 1101 1677 1156 obiectari
1711 1101 1859 1168 dicit,

291 1211 411 1265 quze
457 1209 486 1249 a
518 1195 634 1266 lege
661 1193 1093 1248 tradunturzhic
1119 1199 1204 1248 est
1227 1191 1450 1247 interior
1491 1193 1687 1258 homo;
1734 1191 1862 1262 quia

292 1303 398 1342 non
427 1287 481 1341 in
521 1287 702 1340 animo
731 1285 940 1340 habitat
964 1293 1269 1356 peccatum,
1297 1284 1391 1340 sed
1422 1285 1475 1339 in
1502 1299 1698 1350 carne,
1741 1299 1863 1356 qua:

291 1387 375 1432 est
433 1393 496 1433 ex
527 1377 734 1448 origine
763 1379 945 1432 carnis
975 1375 1202 1448 peccati,
1229 1385 1284 1430 et
1329 1392 1426 1447 per
1469 1377 1746 1432 traducem
1803 1377 1863 1432 lit

288 1471 468 1525 omnis
497 1482 622 1525 caro
651 1468 876 1549 peccati.
905 1467 962 1524 Si
1007 1469 1148 1523 enim
1179 1468 1356 1522 anima
1381 1467 1448 1523 de
1477 1467 1694 1522 traduce
1721 1475 1866 1522 esset

289 1571 345 1614 ct
374 1561 506 1630 ipsa,
554 1569 606 1614 et
633 1561 685 1614 in
719 1560 830 1630 ipsa
870 1559 1137 1614 habitaret
1167 1567 1472 1636 peccatum,
1516 1557 1637 1626 quia
1681 1557 1862 1612 anima

291 1651 416 1706 Adze
455 1655 628 1722 magis
672 1653 916 1723 peccavit
964 1667 1127 1721 quam
1182 1666 1415 1720 corpus:
1460 1651 1554 1706 se‘d
1580 1657 1862 1721 peccatum

288 1745 483 1798 anima:
507 1745 749 1814 corrupit
789 1757 1003 1814 corpus.
1050 1743 1108 1798 In
1137 1757 1302 1799 carne
1333 1757 1460 1814 ergo
1492 1743 1701 1797 habitat
1731 1749 1861 1813 pec-
1911 1785 1939 1814 ,τ

1961 569 2084 608 cum
2099 555 2392 613 tentatione
2419 548 2746 624 concutitur,
2769 559 2824 614 in
2847 553 2956 613 alta
2979 575 3104 616 arce
3115 546 3364 632 praesidet
3384 546 3552 632 quieo'

1961 647 2068 714 tis,
2099 631 2188 718 qui
2237 647 2406 726 etiam.
2446 647 2587 720 apud
2646 651 2994 722 semetipsum
3044 631 3142 708 sub
3185 652 3363 723 seipse
3402 631 3538 712 esse

1960 736 2330 792 contentiones
2380 737 2631 794 vitiorum
2661 741 2950 812 consmcit,
2988 742 3182 812 quibus
3230 743 3374 798 nulla
3427 725 3548 808 ira?

1960 833 2080 884 ctus
2130 827 2482 884 delectatione
2531 833 2820 887 consentit.
2887 831 3068 902 Video,
3110 835 3322 904 inquit,
3372 815 3548 890 aliam’

1960 916 2120 988 legem
2146 918 2201 971 in
2230 919 2469 974 membris
2500 920 2627 974 meis
2661 933 3035 992 repugnantem
3067 921 3168 998 legi
3193 917 3381 979 mentis
3414 925 3537 992 mei,

1959 1015 2006 1060 et
2037 1008 2297 1078 captivum
2329 1024 2409 1062 me
2440 1007 2708 1064 ducentem
2742 1011 2933 1082 invlege
2958 1015 3178 1083 peccati,
3222 1031 3340 1085 qua’
3369 1021 3446 1070 est
3483 1015 3543 1071 iu

1958 1100 2202 1154 membris
2245 1097 2395 1156 meis.
2444 1099 2545 1156 Ubi
2571 1117 2702 1172 ergo
2729 1101 2811 1156 lex
2858 1105 3066 1172 peccati
3087 1120 3211 1160 cum
3250 1105 3366 1176 lege
3391 1120 3544 1160 men-

1961 1188 2032 1244 tis
2057 1187 2350 1254 coutendit,
2400 1191 2642 1262 profecto
2673 1194 2850 1248 adhuc
2881 1210 3077 1250 aurora
3123 1205 3228 1262 est,
3278 1197 3406 1268 quia
3450 1196 3542 1250 lux

1961 1293 2080 1348 quae
2125 1279 2238 1348 jam
2282 1281 2524 1346 emicuit,
2582 1283 2808 1337 necdum
2842 1277 3234 1353 praetereuntes
3290 1288 3542 1342 tenebras

1960 1369 2200 1428 funditus
2239 1363 2465 1445 pressit;
2498 1375 2674 1432 adhuc
2729 1393 2925 1432 aurora
2969 1387 3073 1442 est,
3124 1377 3250 1446 quia
3279 1379 3403 1432 dum
3455 1377 3542 1434 lex

1961 1466 2142 1521 carnis
2186 1463 2357 1547 legem
2406 1469 2623 1532 mentis,
2675 1475 2730 1524 et
2780 1468 2864 1524 lex
2909 1468 3106 1524 mentis
3146 1468 3315 1540 legem
3367 1469 3546 1524 carnis

1959 1559 2208 1626 percutit,
2255 1558 2396 1614 inter
2446 1575 2504 1614 se
2556 1560 2790 1615 vicissim
2823 1559 2915 1614 lux
2962 1569 3020 1614 et
3043 1561 3235 1616 umbra
3285 1558 3542 1631 conﬂigit.

1963 1651 2160 1724 (Oi-ig.)
2214 1651 2318 1706 Sed
2367 1668 2487 1709 cum
2542 1653 2658 1708 haec
2706 1651 2904 1708 Paulus
2943 1661 3220 1722 assumpta
3272 1651 3547 1721 fragiliora

1961 1755 2190 1809 persona
2223 1743 2360 1797 intra
2393 1745 2665 1798 hominem
2693 1743 2878 1798 haberi
2909 1743 3206 1798 certamina
3245 1743 3539 1808 docuisset,

289 1841 489 1898 catum,
524 1836 676 1903 quasi
704 1836 771 1889 ad
793 1835 988 1904 januas
1041 1847 1258 1900 animae,
1311 1843 1374 1889 ut
1421 1849 1527 1889 non
1559 1819 1702 1888 illam
1732 1850 1856 1905 per-
1965 1838 2019 1884 et
2065 1833 2389 1886 ostendisset
2445 1833 2588 1902 quod
2633 1833 2794 1888 etiam
2831 1843 3021 1888 contra
3073 1834 3400 1888 voluntatem
3449 1849 3546 1902 per

287 1911 573 1980 :nittatirc
595 1939 701 1994 quo
736 1926 888 1991 vult;
926 1925 979 1978 in
1025 1924 1208 1980 anima
1254 1932 1435 1980 autem
1465 1925 1510 1980 si
1563 1925 1860 1993 habitaret,

290 2031 563 2086 nunquam
586 2031 644 2071 se
665 2023 1017 2088 cognosceret
1045 2016 1206 2071 homo
1234 2034 1246 2070 :
1287 2031 1429 2072 nunc
1459 2026 1636 2070 autem
1665 2032 1863 2088 cogno-

291 2111 393 2162 scit
415 2123 492 2174 se,
521 2115 576 2162 et
607 2108 1012 2163 condelectatur
1041 2108 1143 2179 legi
1174 2109 1289 2163 Dei.

354 2197 525 2252 ’Video
554 2208 727 2252 autem
753 2198 912 2252 aliam
951 2197 1112 2270 legem
1144 2201 1200 2254 in
1231 2201 1477 2255 membris
1512 2201 1664 2267 meis,
1709 2217 1864 2272 repu-

181 2348 189 2355 ,
286 2301 532 2364 gnantem
572 2291 671 2362 legi
694 2289 880 2346 mentis
911 2307 1058 2357 mem,
1096 2298 1145 2346 et
1181 2293 1440 2362 captivum
1479 2310 1558 2347 me
1589 2293 1862 2348 ducentem

242 2463 248 2469 ι
283 2391 342 2448 in
384 2392 494 2464 lege
544 2395 758 2466 peccati,
811 2411 927 2464 qua:
957 2403 1031 2447 est
1072 2381 1129 2446 in
1181 2375 1443 2445 membris
1472 2389 1620 2443 meis.
1663 2384 1861 2458 (0rig.)

287 2482 439 2548 Quod
463 2499 626 2554 supra
669 2484 898 2550 dixerat,
927 2483 1053 2538 velle
1091 2482 1227 2537 enim
1255 2481 1445 2534 bonum
1479 2479 1684 2550 adiacet
1711 2478 1860 2546 mihi,

286 2572 375 2628 hic
420 2573 749 2628 voluntatem
777 2573 899 2630 boni
947 2573 1120 2644 legem
1152 2571 1348 2626 mentis
1378 2569 1694 2633 nominavit,
1745 2583 1865 2638 qua:

286 2661 374 2718 lex
419 2665 616 2719 mentis
643 2665 896 2720 convenit
923 2679 1046 2719 cum
1076 2663 1192 2735 lege
1223 2663 1341 2727 Dei,
1368 2669 1426 2717 et
1469 2659 1738 2716 consentit
1787 2659 1858 2714 e‘i.

287 2755 400 2811 Sed
435 2772 648 2812 rursum
685 2767 865 2812 motus
898 2757 1144 2826 corporis
1167 2763 1222 2812 et
1263 2754 1531 2810 desideria
1561 2754 1760 2819 carnis,
1788 2750 1859 2808 le-

283 2859 404 2919 gem
420 2846 782 2912 membrorum
807 2847 956 2912 dicit,
973 2863 1091 2918 quae
1104 2847 1368 2917 captivam
1391 2845 1538 2901 ducit
1554 2841 1790 2899 animam
1810 2850 1866 2898 et

282 2939 488 3009 peccati
511 2939 717 3012 legibus
739 2939 946 3006 subdit;
973 2949 1180 2994 certum
1201 2946 1284 2992 est
1306 2951 1536 3006 namque
1561 2933 1702 3006 quod
1723 2933 1868 2989 desi-

283 3031 432 3084 deria
463 3031 643 3084 carnis
669 3031 906 3084 animam
947 3031 1170 3084 trahant
1195 3029 1262 3084 ad
1299 3036 1604 3098 peccatum,
1654 3032 1710 3080 et
1744 3039 1864 3080 eam

281 3113 488 3192 legibus
509 3113 626 3190 ejus
675 3120 907 3176 subdant
935 3139 947 3175 :
983 3130 1038 3176 et
1065 3121 1205 3176 sicut
1229 3121 1314 3175 lex
1349 3119 1547 3174 mentis
1573 3133 1693 3188 qua:
1737 3131 1866 3171 con-

1963 1919 2226 1976 desideria
2257 1922 2436 1978 carnis
2467 1925 2644 1977 anima
2682 1940 2778 1978 usu
2821 1925 2940 1996 ipso
2968 1925 3222 1996 peccandi
3254 1925 3307 1978 in
3341 1923 3547 1993 peccati

1957 2011 2078 2082 jura
2109 2025 2406 2084 raperetur,
2441 2015 2828 2072 exclamatione
2856 2019 3026 2072 utitur
3045 2017 3222 2073 adhuc
3247 2033 3313 2072 ex
3360 2032 3547 2086 perso-

1963 2123 2030 2162 na
2063 2107 2205 2162 illius
2231 2123 2390 2178 quem
2423 2109 2728 2178 descripsit,
2753 2119 2808 2162 et
2833 2103 2988 2164 dicit:

2033 2199 2231 2270 Infelix
2251 2215 2344 2271 ego
2370 2200 2556 2255 homo!
2585 2203 2700 2270 quis
2723 2217 2804 2254 me
2829 2198 3066 2254 liberabit
3087 2201 3150 2255 de
3171 2217 3384 2270 corpore
3404 2215 3545 2254 mor-

1963 2288 2029 2346 tis
2075 2291 2234 2362 hujus
2261 2292 2286 2345 ?
2330 2290 2488 2346 Videt
2539 2305 2596 2346 se.
2627 2291 2886 2346 miserum
2917 2291 3062 2370 intra
3103 2305 3262 2361 quem
3295 2297 3374 2344 tot
3405 2288 3548 2360 leges

1963 2380 2066 2438 sibi
2117 2383 2343 2437 invicem
2401 2390 2722 2454 repugnant,
2752 2390 2830 2437 tot
2858 2375 3057 2450 praelia
3089 2389 3498 2436 commoventur
3527 2397 3542 2433 :

1963 2471 2174 2546 Pugnat
2208 2491 2332 2530 caro
2383 2474 2628 2529 adversus
2677 2475 2936 2546 spiritum,
2993 2474 3206 2543 spiritus
3245 2481 3420 2526 autem
3442 2471 3540 2524 ad-

1963 2583 2139 2624 versus
2191 2585 2422 2635 carnem,
2477 2568 2670 2638 lexque
2716 2570 3081 2628 mmbrorum
3131 2574 3394 2641 repugnat
3439 2565 3547 2636 legi

1964 2661 2180 2728 mentis,
2211 2669 2266 2716 et
2295 2662 2505 2732 captiva
2532 2661 2744 2717 ducitur
2769 2661 2948 2715 anima
2979 2661 3032 2714 in
3063 2659 3180 2730 lege
3209 2657 3440 2728 peccati,
3487 2666 3544 2714 ct

1965 2753 2066 2810 sub
2085 2753 2214 2825 jugo
2242 2751 2358 2822 ejus
2380 2752 2629 2820 efﬁcitur,
2659 2753 2822 2808 etiam
2849 2768 2972 2808 cum
3002 2751 3228 2808 interior
3254 2751 3420 2806 homo
3449 2747 3547 2805 Dei

1965 2844 2082 2916 lege
2108 2845 2421 2901 delectetur.
2481 2843 2680 2916 (.4mb.)
2715 2843 2989 2899 Infelicem
3017 2843 3215 2914 quippe
3262 2843 3537 2897 hominem

1964 2935 2118 3004 dicit,
2151 2937 2278 3008 quia
2321 2937 2560 2993 nascitur
2585 2939 2686 2993 sub
2709 2947 2952 3008 peccato.
2985 2936 3238 3008 Nunquid
3285 2951 3390 2991 non
3419 2949 3549 2991 vere

1966 3027 2148 3083 infelix
2193 3037 2276 3084 est
2305 3030 2484 3095 homo,
2515 3030 2607 3100 qui
2660 3029 2714 3084 in
2744 3029 2889 3084 hanc
2919 3029 3289 3084 htereditatcm
3335 3042 3546 3098 prava-

1948 3119 2242 3187 ,ricationis
2261 3117 2542 3185 successit,
2565 3121 2776 3174 hostem
2803 3134 2985 3174 secum
3015 3119 3220 3172 habens
3242 3123 3547 3188 peccatum,

280 3179 579 3282 seintitcuin
607 3213 725 3284 lege
753 3213 868 3278 Dei,
893 3213 937 3268 si
969 3211 1203 3267 animam
1223 3210 1461 3282 potuerit
1483 3179 1746 3272 obtinere,
1771 3207 1865 3260 ad-
1891 3179 2064 3282 Ciper
2093 3214 2236 3282 quod
2265 3213 2332 3267 ad
2388 3179 2538 3267 illuni
2567 3213 2772 3268 aditum
2808 3211 2970 3266 habet
3021 3179 3260 3266 Satanas;
3273 3209 3298 3263 ?
3347 3207 3547 3282 (οι-ῖς.)

280 3297 571 3361 duciteam
593 3307 660 3359 ad
686 3303 856 3376 legem
880 3305 995 3369 Del,
1020 3303 1093 3359 ita
1127 3311 1183 3359 et
1215 3302 1322 3366 lex,
1369 3317 1489 3372 quae
1523 3301 1575 3354 in
1602 3298 1864 3354 membris

279 3405 383 3458 est,
408 3395 931 3466 etconcupisc‘entiis
957 3395 1155 3458 carnis,
1198 3395 1242 3450 si
1285 3391 1558 3448 seduxerit
1601 3390 1861 3456 animam,

277 3489 484 3558 peccati
504 3474 622 3542 eam
636 3487 842 3558 legibus
865 3487 1052 3542 subdet
1079 3485 1277 3558 (dmin)
1301 3485 1542 3552 QuatuOr
1557 3483 1770 3553 quidem
1787 3483 1866 3537 le-

278 3587 370 3648 g‘es
389 3580 632 3635 nominat
652 3598 664 3634 :
689 3579 1102 3650 primamlegem
1122 3569 1442 3645 spiritalem,
1457 3591 1576 3644 qum
1599 3574 1862 3630 estetiam

277 3677 558 3741 naturalis,
583 3693 703 3746 qua:
729 3673 1017 3730 reformata
1041 3683 1123 3730 est
1142 3690 1238 3746 per
1259 3671 1501 3744 Moysen,
1521 3681 1577 3727 et
1594 3670 1767 3742 posita
1805 3671 1861 3726 in

279 3762 628 3833 auctoritate;
653 3767 766 3838 ipsa
782 3776 866 3822 est
879 3766 964 3822 lex
987 3765 1080 3822 Dei
1097 3785 1110 3820 :
1125 3763 1318 3820 deinde
1333 3766 1509 3838 legem
1525 3763 1723 3819 mentis
1735 3777 1864 3818 con-

278 3862 599 3916 sentientem
622 3863 724 3934 legi
749 3861 842 3914 Dei
866 3877 880 3914 :
909 3863 1120 3919 tertiam
1154 3861 1327 3932 legem
1345 3860 1574 3930 peccati,
1608 3873 1770 3930 quam
1791 3872 1856 3912 ex

276 3949 718 4026 praevaricatione
751 3955 909 4026 primi
943 3955 1241 4010 hominisin
1265 3953 1521 4010 membris
1539 3952 1668 4007 dicit
1707 3949 1859 4006 habi-

279 4056 393 4102 tare
412 4066 424 4101 :
449 4056 697 4117 quartam
725 4062 854 4101 vero
867 4063 987 4116 qua:
1002 4047 1054 4100 in
1074 4045 1332 4100 membris
1350 4043 1578 4104 videtur,
1595 4042 1722 4096 dum
1739 4055 1860 4110 sug—

277 4139 414 4211 gerit
439 4139 576 4194 mala
597 4149 652 4193 et
686 4138 910 4195 recedit.
941 4134 1046 4192 Sed
1089 4137 1172 4192 ba:
1212 4136 1357 4208 leges
1389 4135 1594 4188 iterata:
1627 4141 1859 4202 quatuor

280 4231 526 4286 videntur
552 4245 676 4284 cum
721 4229 834 4308 sint
859 4213 996 4292 duae,
1044 4229 1096 4282 id
1137 4235 1238 4291 est,
1289 4225 1428 4306 bona
1455 4232 1508 4280 et
1531 4223 1692 4278 mala.
1745 4219 1853 4276 Lex

277 4323 414 4399 cnim
443 4322 640 4397 mentis
687 4321 802 4394 ipsa
837 4309 923 4374 est
963 4319 1047 4373 lex
1079 4317 1336 4388 spiritalis
1374 4318 1488 4372 sive
1515 4310 1713 4386 Moysi,
1736 4327 1856 4384 quae

277 4407 498 4484 vocatur
525 4407 610 4465 lex
639 4408 767 4476 Dei;
804 4407 1010 4480 peccati
1038 4422 1167 4462 vero
1193 4406 1280 4462 lex
1309 4407 1498 4474 eadem
1529 4413 1636 4470 est,
1663 4417 1782 4474 quae
1802 4408 1857 4484 et

279 4481 371 4552 illa.
395 4517 554 4570 quam
589 4501 640 4553 in
678 4498 940 4554 membris
974 4499 1104 4552 dicit
1134 4497 1328 4562 videri,
1373 4511 1493 4566 quae
1534 4481 1854 4550 contradicit

278 4587 374 4660 iugi
409 4589 605 4648 mentis
635 4599 850 4646 nostrae.
881 4589 1064 4660 (Aug.)
1093 4587 1290 4657 Legem
1321 4587 1524 4658 peccati
1556 4585 1705 4651 dicit,
1749 4599 1855 4654 qua

275 4682 499 4753 quisque
532 4682 716 4735 carnis
753 4679 1144 4736 consuetudine
1171 4675 1478 4748 implicatus
1507 4675 1853 4748 astringitur:

277 4753 411 4824 hanc
462 4771 746 4842 repugnari
791 4769 868 4829 ait
895 4768 994 4842 legi
1023 4771 1222 4848 mentis
1243 4767 1360 4842 suae
1389 4777 1443 4825 et
1490 4781 1550 4824 se
1578 4759 1856 4840 captivare

275 4858 370 4916 sub
408 4861 520 4932 lege
549 4864 776 4932 peccati.
812 4857 964 4919 Unde
989 4859 1306 4933 intelligitur
1333 4859 1419 4917 ille
1454 4861 1617 4916 homo
1653 4861 1857 4916 descri-

274 4937 434 5042 bithui
465 4957 698 5009 nondum
725 4959 809 5009 est
832 4955 932 5009 sub
954 4951 1147 5040 gratia.
1178 4953 1382 5025 (Greg.)
1425 4953 1487 5008 Si
1507 4955 1650 5008 enim
1690 4933 1844 5024 repu-

275 5032 459 5116 gnaret
508 5055 718 5103 tantum
753 5045 1087 5101 consuetudo
1127 5032 1382 5110 carnalis,
1425 5051 1480 5099 et
1525 5040 1647 5100 non'
1681 5043 1857 5116 capti-

273 5121 442 5211 varet,
493 5153 601 5192 non
632 5143 775 5194 esset
831 5129 1165 5191 dominatio:
1214 5130 1268 5188 id
1297 5148 1364 5189 eo
1411 5143 1496 5189 est
1539 5133 1856 5200 dominatio,

275 5229 411 5316 qpod
439 5220 898 5304 dinemperainus,
925 5237 998 5309 ⁸ει
1043 5227 1310 5310 servimus
1339 5223 1622 5282 desideriis
1677 5225 1858 5296 pravis

273 5314 328 5374 et
352 5321 680 5392 carnalibus.
722 5318 790 5376 'Si
835 5327 1013 5376 autem
1057 5319 1294 5374 existant
1339 5325 1394 5372 et
1426 5328 1534 5370 non
1567 5315 1676 5371 sint
1726 5314 1856 5372 talia

275 5395 556 5491 desideria,
597 5395 702 5468 non
733 5423 912 5470 tamen
939 5411 1024 5470 his
1046 5413 1382 5479 obediamus,
1415 5429 1523 5469 non
1553 5411 1858 5486 captivare—

273 5518 394 5584 utar
427 5495 481 5584 et
508 5503 608 5572 sub
635 5493 805 5581 gratia
833 5521 1052 5561 sumus:
1085 5507 1178 5578 sed
1217 5507 1362 5563 aliud
1409 5517 1494 5566 est
1533 5503 1673 5566 bella
1702 5507 1858 5565 forti-

252 5581 373 5676 pter'
406 5581 634 5670 perpeti,
683 5589 828 5647 aliud
875 5593 1034 5681 bellis
1076 5593 1349 5652 enerviter
1404 5601 1742 5674 expugnari;
1776 5601 1856 5678 .in

275 5681 391 5738 istis
429 5683 718 5736 exercetur
758 5683 954 5750 virtus,
1019 5701 1086 5740 ne
1139 5687 1286 5770 intus
1324 5689 1509 5744 extolli
1535 5689 1732 5746 debeat
1755 5708 1773 5770 ;'
1800 5691 1855 5746 in

278 5771 384 5828 illis
413 5771 728 5830 omnimodo
754 5763 1554 5845 exstinguitur,"he'subsistat.
1603 5780 1705 5848 Qui
1760 5763 1874 5856 igi?

1881 4519 1949 4607 DE

1965 3301 2244 3371 Quomodo
2273 3319 2402 3376 ergo
2437 3305 2490 3358 in
2523 3311 2602 3360 tot
2625 3312 2679 3357 et
2721 3301 2918 3358 talibus
2952 3301 3106 3357 malis
3133 3316 3237 3356 non
3289 3299 3548 3354 miserum

1965 3395 2022 3450 se
2049 3395 2195 3450 dicat
2221 3395 2405 3461 homo,
2432 3402 2487 3450 et
2515 3395 2569 3450 in
2596 3409 2822 3464 corpore
2850 3394 3040 3449 mortis
3066 3391 3358 3448 habitare?
3387 3389 3548 3445 Meri-

1962 3493 2019 3538 to
2048 3499 2280 3555 namque
2313 3499 2510 3556 corpus
2539 3485 2730 3541 mortis
2753 3487 3073 3556 appellatur,
3102 3485 3156 3540 in
3185 3501 3294 3555 quo
3335 3484 3546 3540 habitat

1962 3585 2242 3648 peccatum
2270 3578 2414 3646 quod
2443 3577 2634 3632 mortis
2661 3585 2748 3631 est
2772 3593 2954 3633 causa.
2991 3577 3076 3632 Fit
3100 3593 3230 3648 ergo
3269 3577 3544 3634 exclama-

1965 3669 2042 3723 tio
2068 3669 2184 3723 hrec
2214 3684 2280 3723 ex
2313 3683 2542 3738 persona
2585 3668 2749 3734 illius,
2782 3683 2940 3738 quem
2971 3668 3125 3723 initia
3170 3667 3387 3738 quidem
3415 3681 3544 3722 con-

1961 3760 2228 3816 versionis
2257 3761 2532 3829 accepisse
2560 3759 2816 3814 describit
2862 3758 3168 3830 Apostolus,
3203 3760 3255 3812 in
3291 3773 3356 3813 eo
3403 3757 3548 3827 quod

1959 3853 2208 3910 voluntas
2255 3855 2304 3909 ei
2346 3853 2555 3923 adiacet
2599 3853 2745 3917 boni,
2783 3855 2877 3910 sed
2929 3855 3166 3910 nondum
3211 3855 3263 3910 in
3295 3853 3546 3909 eii‘ectum

1959 3947 2172 4000 venerit
2199 3946 2346 4000 boni.
2404 3944 2520 4001 Non
2551 3945 2694 4001 enim
2747 3945 2954 4002 invenit
3003 3945 3268 4016 perﬁcere
3319 3947 3542 4011 bonum,
3617 3971 3626 3978 -

1958 4037 2084 4108 quia
2133 4037 2370 4094 nondum
2417 4036 2472 4090 iu
2506 4049 2572 4092 eo
2606 4053 2734 4092 usus
2781 4037 3077 4092 inoleverat
3119 4035 3545 4105 exercitiumque

1958 4125 2238 4182 virtutum.
2283 4127 2657 4196 Respondetur
2709 4141 2838 4182 vero
2867 4127 2915 4182 ei
2945 4127 3012 4184 ad
3045 4121 3165 4193 hoc,
3197 4127 3340 4196 quod
3392 4125 3543 4180 dixe-

1962 4217 2064 4282 rat,
2097 4217 2230 4284 Quis
2257 4235 2337 4272 me
2369 4217 2608 4272 liberabit
2637 4218 2702 4273 de
2728 4235 2944 4289 corpore
2973 4220 3160 4273 mortis
3203 4217 3362 4288 hujus
3384 4217 3411 4273 7
3427 4215 3543 4284 jam

1959 4327 2065 4368 non
2101 4327 2169 4367 ex
2199 4311 2340 4368 illius
2367 4325 2596 4382 persona
2625 4311 2721 4368 sed
2748 4327 2814 4367 ex
2856 4313 3146 4384 apostolica
3175 4310 3496 4367 auctoritate
3526 4326 3542 4366 :

1959 4401 2144 4474 Gratia
2173 4405 2394 4484 Dei‘per
2415 4401 2598 4459 Iesum
2643 4403 2907 4460 Christum
2952 4403 3238 4460 Dominum
3283 4414 3541 4460 nostrum.

1961 4491 2113 4552 Unde
2139 4503 2362 4566 apparet
2389 4494 2532 4564 quod
2561 4504 2845 4564 propterea
2877 4495 2991 4551 haec
3021 4495 3202 4551 omnia
3245 4491 3539 4566 descripsit

1957 4585 2246 4656 Apostolus
2272 4593 2328 4640 et
2373 4584 2512 4640 mala
2561 4600 2680 4654 qua:
2709 4587 2849 4640 intra
2881 4602 2978 4642 nos
3025 4585 3324 4656 agebantur
3373 4601 3542 4658 expo-

1959 4672 2086 4741 suit,
2119 4681 2178 4732 ut
2205 4675 2272 4731 ad
2300 4675 2547 4730 ultimum
2574 4675 2882 4732 ostenderet
2925 4684 2980 4732 et
3009 4677 3231 4733 doceret
3257 4677 3324 4731 de
3373 4679 3562 4758 quan-l’

1962 4773 2030 4827 tis
2065 4788 2163 4828 nos
2193 4766 2367 4835 malis',
2401 4780 2456 4826 et
2485 4768 2550 4827 de
2579 4772 2796 4842 quantis
2845 4771 3111 4826 mortibus
3139 4769 3386 4826 Chriétus
3437 4770 3544 4846 eri.-

1958 4860 2096 4936 puit.
2127 4859 2323 4936 (Δηώ.)
2363 4863 2551 4918 Gratia
2578 4863 2722 4917 enim
2752 4846 3130 4919 Dei'liberatus
3154 4869 3239 4918 est
3265 4863 3429 4918 homo
3459 4855 3544 4917 de

1959 4948 2186 5024 corpore
2235 4955 2424 5014 mortis
2468 4953 2666 5024 hujus:
2721 4955 2864 5008 hanc
2912 4961 3142 5008 mortem
3189 4953 3339 5020 dicit,
3379 4967 3542 5024 quam

1961 5035 2120 5116 supra
2161 5043 2406 5101 ostendit
2475 5045 2526 5099 in
2575 5060 2762 5103 necem
2823 5040 3060 5101 hominis
3115 5059 3212 5116 per
3263 5051 3542 5120 peccatum

1960 5126 2422 5207 inventam‘apud
2471 5135 2674 5191 inferos
2701 5177 2715 5202 ,
2765 5153 2885 5206 quae
2927 5135 3228 5210 appellatur
3261 5137 3536 5204 secunda;

1960 5242 2156 5300 corpus
2200 5237 2378 5284 autem
2433 5228 2624 5282 mortis
2678 5236 2761 5283 est
2813 5237 3008 5284 cuncta
3057 5237 3314 5300 peccata:
3373 5229 3542 5284 multa

1959 5318 2104 5376 enim
2141 5337 2307 5376 unum
2337 5337 2532 5392 corpus
2561 5331 2704 5384 sunt,
2735 5317 2943 5406 siggula
2973 5321 3127 5394 quasi
3164 5323 3406 5376 membra
3432 5335 3542 5376 uno

1963 5423 2182 5472 auctore
2213 5415 2427 5470 inventa
2450 5457 2464 5482 ,
2497 5432 2562 5471 ex
2593 5416 2790 5488 quibus
2819 5417 2980 5471 homo
3000 5424 3218 5488 ereptus
3242 5415 3415 5488 gratia
3446 5413 3544 5470 Dei

1961 5503 2060 5577 per
2099 5507 2422 5578 baptismum
2455 5523 2617 5578 supra
2666 5505 2865 5562 dictam
2918 5516 3146 5564 mortem
3175 5508 3366 5562 evasit.
3428 5501 3540 5560 Nec

1962 5597 2106 5655 enim
2144 5599 2198 5654 in
2234 5591 2432 5657 carneo
2477 5615 2704 5678 corpore
2729 5601 2932 5680 positus
2960 5599 3027 5656 de
3059 5615 3124 5655 eo
3154 5599 3269 5670 ipso
3294 5607 3542 5666 ereptum

1965 5706 2024 5747 se
2053 5689 2282 5756 diceret;
2318 5692 2411 5748 sed
2461 5694 2564 5750 hoc
2591 5707 2788 5761 corpus
2813 5693 2966 5754 dixit.
2997 5691 3140 5764 quod
3169 5689 3414 5760 superius
3444 5702 3543 5762 per

1964 5781 2291 5853 baptismum
2319 5792 2377 5838 et
2399 5783 2796 5842 observantiam
2838 5769 2972 5858 legis
2999 5780 3202 5840 destrui
3252 5777 3539 5852 significat.
