4000 6398
459 340 620 412 me

1093 343 1158 400 ιι.
1197 340 1455 427 unum
1493 340 1718 437 nsunt
1755 341 2076 404 ARCHIEP.
2117 337 2432 427 uocum.
2461 337 2752 401 OPEIUII
2790 303 2972 400 rans
3006 341 3102 400 ut.

3619 349 3806 406 uas

456 457 594 514 Nam
617 464 827 531 etcum
869 455 1026 534 dicit,
1067 456 1132 511 de
1156 417 1375 528 corpore
1401 429 1608 523 mortis,
1637 455 1878 512 ostendit
1903 453 2048 508 aliud
2077 459 2127 524 Α
2145 417 2363 506 Christo
2393 449 2545 517 Iesu,
2575 451 2662 506 lea:
2691 452 2833 507 enim
2858 453 3074 523 spiritus
3111 457 3232 510 vita
3264 457 3320 510 in
3355 455 3586 512 Christo
3640 456 3808 512 lea

457 539 582 607 esse
607 563 806 620 corpus
834 564 943 604 non
972 547 1181 604 mortis.
1209 547 1393 620 (Δις.)
1415 547 1618 603 Deinde
1638 545 1828 618 incipit
1845 545 2048 601 deseri—-

457 642 590 698 bere
635 641 914 698 hominem
945 641 1050 698 sub
1093 641 1266 714 gratia
1297 640 1653 697 constitutum
1689 659 1702 694 :
1735 640 1832 709 qui
1855 639 2047 694 tertius

457 735 661 808 gradus
706 742 792 791 est
836 734 1050 790 illorum
1081 742 1318 804 quatuor
1363 748 1501 804 quos
1551 733 1918 788 distinximus.
1965 730 2051 784 [td

457 831 602 885 hunc
634 828 861 902 gradum
909 827 1026 898 jam
1077 827 1313 897 pertinet
1341 824 1484 896 quod
1515 825 1698 880 statim
1729 822 2002 894 subiungit
2029 837 2046 876 :

457 919 632 990 Igitur
674 919 917 990 ego‘ipse
959 927 1129 971 mente
1167 917 1334 970 servio
1376 915 1477 986 legi
1507 915 1620 976 Dei,
1669 929 1830 968 came
1873 923 2050 968 autent

463 1009 567 1082 legi
588 1010 786 1080 peccati
815 1023 834 1062 :
865 1008 990 1077 quia
1026 1007 1152 1062 licet
1188 1005 1550 1061 existentibus
1593 1004 1877 1060 desideriis
1926 1019 2051 1060 car-

458 1099 694 1164 nalibus,
717 1096 833 1170 jam
862 1113 970 1152 non
999 1099 1169 1154 servit
1195 1097 1584 1154 consentiendo
1634 1096 1704 1150 ad
1743 1093 2051 1151 faciendum

457 1201 764 1264 peccatum,
779 1191 872 1261 qui
895 1192 996 1246 sub
1007 1191 1184 1263 gratia
1203 1189 1532 1244 constitutus
1557 1196 1737 1243 mente
1759 1188 1926 1242 servit
1947 1185 2050 1257 legi

459 1283 580 1350 Dei,
607 1297 770 1338 carne
803 1291 982 1337 autem
1011 1281 1113 1353 legi
1144 1280 1372 1352 peccati.
1407 1279 1603 1350 Legem
1626 1288 1806 1333 autem
1841 1277 2050 1350 peccati

463 1375 597 1430 dicit
625 1390 692 1430 ex
726 1373 1159 1444 transgressione
1201 1371 1331 1428 Adae
1353 1373 1714 1428 conditionem
1743 1368 2048 1430 mortalem,

459 1479 564 1537 qua
581 1467 844 1522 mortales
854 1466 982 1522 lacti
997 1481 1214 1520 sumus:
1233 1480 1298 1537 ex
1315 1466 1417 1518 hac
1431 1463 1574 1519 enim
1591 1462 1709 1518 labe
1724 1463 2052 1522 carnis,con-

463 1529 800 1628 cupiscentia
818 1558 1054 1614 carnalis
1073 1529 1344 1622 sollicitat,
1368 1565 1422 1610 et
1437 1555 1733 1610 secundum
1756 1557 1894 1609 hanc
1919 1553 2052 1608 dicit

458 1651 566 1706 Ilio
591 1651 711 1707 ioco
735 1651 952 1723 (Epiros.
985 1652 1050 1724 tt)
1077 1670 1089 1706 :
1121 1650 1350 1707 Fuimus
1373 1659 1422 1704 et
1455 1667 1548 1704 nos
1570 1660 1760 1704 natura
1785 1647 1885 1717 ﬁlii
1934 1649 2048 1714 ine,

2148 546 2384 601 liberavit
2421 563 2504 600 me
2551 559 2588 600 α
2625 545 2735 618 lege
2777 546 2978 617 peccati
3019 557 3068 601 et
3097 547 3304 602 mortis.
3355 546 3576 622 (0rig.)
3643 549 3811 618 Qu

2147 647 2292 693 esset
2316 637 2601 693 diversitas
2629 637 2684 692 in
2712 638 2796 692 his
2822 639 2914 708 qui
2941 638 3090 694 velut
3129 638 3185 694 in
3215 639 3454 710 quodam
3489 645 3807 700 certami-

2149 743 2218 784 ne
2244 729 2404 800 positi
2434 730 2650 799 quidem
2676 737 2859 786 mente
2887 733 3184 787 secundum
3209 732 3304 788 Dei
3331 731 3518 804 legem
3547 737 3804 803 vivunt,

2149 815 2330 874 earinis
2362 834 2494 874 vero
2560 820 2847 875 desideriis
2890 821 3286 900 agunturiege'
3329 826 3586 894 peccati,
3619 836 3698 880 ut
3740 828 3804 881 in

2149 915 2522 985 superioribus
2581 914 2782 970 docuit.
2846 914 3002 970 Nune
3046 930 3178 970 vero
3228 917 3296 972 de
3327 917 3414 972 his
3440 918 3621 982 dicit,
3691 919 3802 988 qui

2148 1020 2257 1060 non
2295 1005 2408 1076 jam
2435 1021 2502 1062 ex
2532 1015 2689 1078 parte
2715 1007 2770 1062 in
2799 1021 2966 1064 carne
2997 1024 3062 1063 ex
3093 1019 3249 1079 parte
3291 1012 3346 1066 in
3379 1014 3624 1082 spiritu,
3685 1015 3800 1068 sed

2149 1110 2217 1151 ex
2248 1096 2458 1167 integro
2480 1097 2535 1152 in
2561 1097 2781 1154 Christo
2803 1108 2946 1165 sunt,
2980 1108 3036 1154 et
3063 1104 3386 1172 pronuntiat
3411 1104 3468 1158 in
3503 1105 3606 1160 his
3635 1107 3798 1160 nihil

2150 1189 2496 1244 damnatione
2541 1205 2660 1246 esse
2695 1192 2934 1263 dignum,
2965 1195 3092 1264 quia
3134 1193 3218 1250 lex
3255 1197 3482 1266 spiritus
3533 1199 3678 1254 Viue
3732 1201 3792 1254 in

2149 1279 2370 1336 Christo
2393 1280 2519 1335 less
2547 1281 2798 1337 liberavit
2831 1298 2926 1338 eos
2953 1299 2984 1339 a
3014 1284 3132 1357 lege
3176 1290 3385 1358 peccati
3426 1297 3484 1344 et
3539 1295 3787 1346 mortis.

2151 1371 2262 1426 Lex
2309 1380 2486 1427 autem
2525 1373 2744 1444 spiritus
2772 1374 2896 1430 vitae
2925 1389 3033 1431 una
3059 1380 3356 1448 eademque
3383 1388 3493 1444 est,
3551 1397 3694 1452 qtae
3725 1393 3788 1438 et

2149 1460 2236 1515 lex
2269 1461 2378 1524 Dei,
2413 1462 2552 1517 sicut
2581 1477 2798 1518 rursum
2825 1479 2932 1518 una
2971 1466 3270 1536 eademque
3297 1479 3380 1523 est
3416 1471 3508 1524 lex
3555 1485 3792 1541 prcca-

2153 1550 2214 1616 ti,
2246 1560 2302 1606 et
2357 1551 2440 1606 lex
2477 1553 2685 1608 mortis.
2725 1551 2868 1608 Nihil
2911 1568 3048 1627 ergo
3083 1556 3454 1614 damnationis
3505 1563 3632 1614 erit
3665 1563 3786 1626 his,

2151 1645 2242 1714 qui
2273 1659 2302 1698 a
2333 1645 2448 1715 lege
2469 1646 2697 1714 peccati,
2726 1661 2848 1716 qua:
2883 1656 2966 1702 est
2996 1649 3084 1703 lex
3115 1651 3335 1716 mortis,
3362 1655 3601 1722 penitus
3625 1654 3752 1710 libe
3773 1685 3790 1695 ο

457 1746 594 1801 sicut
639 1756 688 1800 et
708 1747 902 1802 ueteri.
938 1746 1146 1817 (Amb)
1177 1745 1316 1815 Ego,
1346 1743 1540 1814 inquit,
1571 1743 1704 1812 ipse,
1738 1742 1790 1796 id
1821 1749 1921 1802 est,
1957 1741 2049 1810 qui
2154 1745 2360 1803 rantur,
2410 1746 2466 1792 et
2497 1739 2601 1810 legi
2629 1741 2746 1807 Dei,
2794 1757 2914 1812 quae
2941 1751 3024 1799 est
3055 1745 3140 1800 lex
3183 1748 3428 1816 spiritus,
3476 1753 3784 1806 serviunt.

457 1837 719 1894 liberatus
749 1855 868 1894 sum
916 1840 981 1894 de
1025 1854 1252 1907 corpore
1293 1838 1516 1902 mortis,
1551 1843 1733 1891 mente
1757 1835 1842 1889 vel
1869 1834 2050 1890 animo
2080 1817 2126 1877 Β
2158 1825 2376 1883 Sel'Vil‘e
2411 1839 2592 1886 amem
2623 1831 2724 1904 1θεὶ
2783 1834 2902 1900 θεῖ»
2948 1843 3004 1890 εἰ
3048 1851 3174 1891 esse
3201 1839 3304 1893 sub
3330 1838 3450 1911 lege
3499 1842 3787 1920 ξρίτίωε,

457 1931 636 1984 servio
655 1929 757 2000 legi
773 1929 1068 1993 Dei,carne
1095 1927 1391 1998 autemlegi
1419 1929 1648 1996 peccati,
1666 1928 1718 1982 id
1737 1937 1834 1988 est,
1863 1929 2050 1984 diabo-

457 2019 516 2086 li,
545 2021 636 2090 qui
667 2034 763 2090 per
787 2019 1087 2090 subjectum
1115 2019 1216 2073 sibi
1237 2035 1456 2074 carnem
1478 2021 1851 2090 suggestiones
1879 2020 2054 2076 malas

457 2094 653 2182 ingerit
693 2109 904 2164 animae.
940 2109 1075 2177 Quia
1106 2125 1234 2182 ergo
1275 2111 1471 2180 duplex
1507 2121 1590 2166 est
1643 2113 1824 2178 homo,
1886 2123 2049 2168 carne

457 2205 750 2258 conversus
803 2201 877 2257 tit
927 2202 1140 2284 animo,
1200 2203 1300 2276 legi
1352 2203 1446 2260 Dei
1505 2215 1685 2261 mente
1735 2207 1942 2262 servire
1989 2221 2050 2260 se

457 2293 614 2360 dixit,
653 2294 778 2366 quia
809 2295 1023 2352 annuus
1076 2298 1301 2354 devdtus
1329 2307 1412 2354 est
1457 2299 1590 2364 Deo,
1625 2309 1682 2354 et
1729 2312 2045 2372 recuperata

457 2388 540 2444 sui
591 2395 858 2460 potestate
907 2405 1208 2464 repugnare
1253 2400 1432 2462 potest
1476 2402 1722 2462 peccato,
1769 2394 1911 2463 quod
1953 2405 2050 2464 per

456 2493 677 2537 carnem
731 2491 1027 2552 aperatur;
1083 2483 1210 2554 quia
1273 2485 1418 2538 enim
1490 2499 1616 2562 caro
1661 2492 1912 2556 corrupta
1965 2495 2050 2540 cst

454 2577 511 2628 et
554 2572 716 2626 morti
763 2570 1026 2641 subjecta.
1090 2569 1224 2640 ρυω
1269 2574 1348 2628 sic
1406 2573 1550 2630 facta
1595 2585 1712 2629 erat
1767 2583 1827 2629 ut
1875 2575 2044 2630 socie‘

455 2672 568 2719 tate
613 2671 668 2718 et
711 2663 1090 2733 conjunctione
1148 2664 1344 2720 animae
1399 2680 1506 2722 non
1569 2673 1894 2730 moreretur,
1963 2679 2048 2720 re-

460 2755 605 2826 cepit
660 2755 962 2822 desideria,
1037 2771 1275 2827 quorum
1361 2756 1515 2828 quasi
1586 2771 1724 2812 onus
1773 2757 2046 2827 quodlam

460 2847 721 2902 transfert
767 2845 838 2904 ad
864 2848 1124 2914 animum,
1155 2857 1214 2902 ut
1248 2856 1304 2904 et
1335 2848 1457 2919 ipse
1478 2860 1766 2920 gravetur:
1802 2849 1901 2904 sed
1921 2850 2046 2920 quia

455 2939 667 3010 respuit
712 2939 863 2995 illam
914 2953 1145 2995 mortem
1169 2943 1344 3013 gratia
1391 2942 1518 3010 Dei,
1552 2945 1649 3008 ait,
1681 2942 1857 2998 Mente
1879 2946 2045 2999 servio

456 3029 557 3100 legi
610 3030 732 3096 Dei,
779 3047 943 3086 came
985 3041 1159 3087 autem
1216 3033 1320 3106 legi
1365 3036 1598 3106 peccati,
1657 3037 1796 3091 sicut
1844 3037 2044 3092 dictum

2151 1919 2255 1975 hoc
2280 1930 2364 1974 est
2405 1921 2630 1978 Christo
2653 1925 2889 1991 servire;
2921 1925 3141 1982 Christo
3171 1936 3359 1984 autem
3386 1919 3640 1996 servire,
3671 1933 3788 1986 hoc

2149 2019 2232 2066 est
2255 2013 2460 2068 servire
2490 2013 2790 2083 sapientize,
2823 2017 3028 2072 servire
3069 2018 3317 2089 justitiat,
3353 2021 3572 2077 servire
3625 2023 3789 2076 veri-

2148 2105 2264 2169 tati,
2297 2106 2656 2176 omnihusque
2686 2108 2844 2162 simul
2877 2111 3084 2165 servire
3115 2112 3427 2168 virtutibus.
3458 2113 3632 2171 Unde
3664 2131 3782 2172 non

2147 2209 2232 2254 est
2259 2199 2556 2268 putandum
2599 2201 2747 2270 quod
2770 2200 2842 2256 ad
2887 2201 3126 2256 subitum
3169 2205 3312 2273 quis,
3347 2213 3405 2260 et
3454 2207 3660 2260 statim
3715 2216 3781 2262 ut

2147 2289 2395 2356 voluerit,
2413 2307 2444 2345 a
2469 2292 2692 2346 servitio
2721 2291 2854 2363 legis
2884 2293 3118 2362 peccati,
3153 2297 3451 2351 translatus
3475 2296 3778 2352 efﬁciatur

2147 2383 2203 2438 in
2261 2383 2479 2438 Christo
2530 2381 2679 2455 Jesu,
2732 2383 2808 2438 ita
2861 2393 2921 2438 ut
2970 2385 3105 2439 nihil
3155 2386 3210 2440 in
3252 2401 3320 2440 eo
3365 2385 3482 2455 jam
3525 2390 3778 2444 obtentu

2145 2475 2357 2545 peccati
2398 2454 2766 2530 damnatinnis
2815 2475 3111 2543 habeatur;
3185 2454 3413 2548 requirit
3465 2489 3674 2535 autem
3715 2481 3776 2535 in

2147 2581 2474 2642 unoquoque
2520 2577 2706 2638 partes
2755 2582 2880 2624 suas
2919 2569 3137 2640 iustitia
3165 2587 3179 2624 :
3211 2571 3427 2642 probat,
3456 2571 3506 2626 si
3536 2572 3620 2626 ita
3649 2572 3773 2643 in

2145 2661 2472 2716 emendatus
2513 2666 2688 2715 estet
2730 2667 3034 2726 correctus,
3065 2669 3126 2716 at
3170 2660 3306 2715 nihil
3334 2662 3387 2715 in
3436 2675 3508 2717 eu
3557 2661 3767 2731 iniusti

2145 2751 2330 2822 operis
2357 2751 2613 2816 inveniat,
2636 2765 2705 2806 es
2732 2765 2844 2821 quo
2865 2752 3141 2807 damnatio
3167 2753 3554 2824 subsequatur.
3587 2754 3772 2810 Simi-

2145 2842 2269 2899 liter
2297 2851 2351 2898 et
2376 2844 2582 2898 veritas
2639 2844 2870 2914 requirit
2898 2844 2955 2898 in
2993 2857 3322 2916 mroquoque
3364 2853 3556 2915 partes
3598 2861 3766 2912 suas,

2145 2941 2190 2996 si
2223 2939 2514 2996 translatus
2537 2941 2662 3012 quis
2689 2955 2719 2994 a
2767 2940 2884 3014 lege
2911 2941 3118 3012 peccati
3149 2941 3293 2996 nulla
3311 2939 3432 3009 iam
3465 2955 3540 2996 ex
3591 2950 3766 3010 parte

2138 3031 2454 3093 inveniatur
2496 3032 2758 3102 obsequia
2801 3032 3048 3088 veritatis
3099 3032 3458 3088 contaminari
3515 3035 3764 3088 menda-

457 3127 560 3176 est.
611 3119 733 3176 Iani
775 3123 924 3196 enim
951 3123 1088 3180 iiber
1118 3126 1351 3194 animus,
1381 3136 1436 3182 et
1486 3128 1542 3183 in
1592 3131 2042 3185 consuetudinem

2145 3123 2250 3178 cio.
2318 3121 2579 3180 Similiter
2621 3133 2677 3180 et
2703 3124 2960 3196 pudicitia
3015 3131 3200 3194 partes
3227 3136 3355 3180 suas
3403 3124 3658 3191 discutit,
3715 3127 3766 3180 si

457 3213 659 3268 bonam
705 3186 1012 3280 revocatus,
1067 3215 1272 3287 Spiritu
1331 3186 1522 3273 sancto
1585 3220 1876 3290 adjuvante
1922 3237 2042 3276 ma-
2070 3191 2118 3255 c
2145 3212 2308 3268 nullis
2363 3214 2432 3269 ab
2487 3229 2556 3268 eo
2608 3186 2901 3285 impudicis
2941 3186 3230 3270 desideriis
3276 3215 3602 3272 metuatur.
3639 3186 3765 3276 ἐἰς

454 3303 538 3362 las
610 3307 979 3379 suggestiones
1033 3315 1214 3378 potest
1259 3323 1520 3380 spernere
1563 3329 1576 3364 :
1636 3311 1845 3366 reddita
1898 3313 2043 3367 enim

455 3407 542 3454 est
570 3397 644 3454 illi
671 3399 971 3457 auctoritas
997 3415 1102 3471 qua
1130 3401 1325 3456 audeat
1352 3403 1613 3460 resistere
1657 3405 1898 3460 inimico.
1939 3405 2044 3473 Qui

458 3489 602 3546 enim
625 3489 746 3559 iam
775 3505 885 3546 non
909 3501 992 3548 est
1023 3493 1307 3560 obnoxius,
1340 3495 1563 3551 minime
1591 3497 1792 3567 poterit
1823 3497 2044 3567 indaga-

455 3581 510 3636 ri
546 3583 784 3647 invitus;
827 3597 960 3638 caro
1006 3591 1190 3639 autem
1235 3585 1364 3656 quia
1401 3584 1663 3654 judicium
1696 3601 1801 3642 non
1854 3587 2044 3654 habet,

455 3689 633 3746 neque
654 3691 823 3746 capax
852 3684 938 3732 est
971 3677 1330 3743 discernendi,
1361 3688 1447 3733 est
1469 3679 1612 3734 enim
1638 3681 1796 3735 bruta
1822 3689 2039 3746 natura,

454 3779 560 3820 non
587 3773 769 3836 potest
805 3765 1028 3822 inimico
1053 3767 1258 3821 aditum
1289 3767 1563 3834 claudere,
1601 3780 1668 3825 ne
1698 3771 1924 3826 veniens
1966 3772 2044 3826 in-

453 3859 649 3920 troeat,
684 3863 851 3924 atque
879 3856 1062 3910 animo
1096 3858 1374 3913 contraria
1401 3860 1646 3926 suadeat,
1677 3843 1741 3915 ac
1769 3876 1868 3930 per
1896 3863 2040 3916 hoc:

453 3941 645 4009 Carne,
671 3944 766 4008 ait,
803 3949 977 3998 servio
995 3944 1101 4016 legi
1127 3947 1344 4017 peccati.
1363 3946 1502 4002 Cum
1527 3949 1672 4002 enim
1702 3963 1844 4004 unus
1881 3951 2042 4006 homo

391 4061 400 4066 -
453 4047 622 4090 carne
641 4044 852 4092 constet
882 4047 938 4092 et
967 4037 1168 4103 anima,
1201 4053 1269 4093 ex
1300 4038 1394 4093 illa
1421 4049 1578 4110 parte
1603 4055 1712 4110 qua
1731 4041 1895 4110 sapit,
1927 4041 2048 4097 Deo-

453 4126 643 4191 servit,
672 4141 738 4182 ex
767 4129 940 4182 altera
955 4139 1140 4183 autem
1156 4133 1267 4200 qua
1289 4129 1518 4186 stolidus
1542 4139 1645 4196 est,
1678 4130 1782 4204 legi
1810 4133 2038 4203 peccati.

455 4215 514 4274 Si
541 4227 726 4274 autent
766 4219 928 4275 homo
957 4221 1016 4275 in
1041 4235 1106 4276 eo
1134 4223 1280 4290 quod
1303 4221 1480 4278 factus
1529 4233 1613 4279 est
1646 4225 1995 4296 perdurasset
2021 4266 2038 4293 ,

453 4325 566 4367 non
589 4319 734 4383 esset
751 4321 989 4384 potestas
1016 4301 1239 4370 inimico
1261 4316 1327 4370 ad
1357 4331 1574 4372 carnem
1595 4319 1712 4388 ejus
1757 4323 2038 4388 accedere,

451 4413 508 4458 et
538 4405 730 4458 animae
755 4406 1034 4482 contraria
1057 4421 1360 4463 susurrare.
1401 4409 1467 4464 Ut
1494 4417 1674 4464 autem
1707 4419 1850 4467 totus
1878 4399 2044 4469 homo

454 4493 682 4549 minime
714 4503 993 4564 reparatus
1023 4495 1212 4551 fuisset
1258 4497 1429 4568 gratia
1461 4495 1554 4552 Dei
1601 4496 1671 4553 ad
1697 4509 1896 4556 statum
1925 4504 2038 4572 pri-

452 4583 678 4650 stiriam,
721 4585 992 4640 sententia
1019 4585 1230 4641 abstitit
1276 4587 1398 4642 data
1437 4587 1492 4642 in
1534 4587 1741 4656 Adam;
1797 4592 2038 4662 iniquum

451 4677 598 4732 enim
619 4686 736 4733 erat
759 4680 968 4736 solvere
1001 4683 1325 4748 sententiam
1342 4682 1470 4753 jure
1512 4683 1884 4754 depromptum
1911 4701 1924 4738 :
1954 4685 2036 4741 id-

452 4769 599 4836 circo
627 4783 878 4828 manente
907 4775 1192 4840 sententia,
1224 4777 1562 4844 providentia
1610 4778 1704 4833 Dei
1742 4779 2036 4833 remedium

451 4860 736 4917 inventum
759 4873 862 4928 est,
897 4874 954 4919 ut
1000 4865 1378 4922 redhiberetur
1406 4868 1610 4923 homini
1657 4868 1826 4930 salus,
1876 4881 2043 4938 quam

450 4956 680 5027 proprio
718 4957 852 5012 vitio
904 4959 1178 5014 amiserat.
1239 4959 1306 5015 Ut
1355 4961 1443 5016 hic
1496 4972 1716 5016 renatus
1772 4963 2035 5028 crederet,

454 5051 580 5118 quia
605 5053 948 5108 adversarius
976 5052 1092 5121 dus
1135 5053 1376 5108 devictus
1405 5056 1643 5124 potentia
1677 5055 1878 5109 Christi
1931 5071 2036 5109 non

455 5140 698 5206 auderet,
731 5153 1084 5215 transpuncta
1106 5143 1376 5199 sententia
1411 5146 1597 5216 prima:
1621 5147 1830 5210 mortis,
1865 5147 2040 5200 hemi-

455 5241 579 5286 nem
615 5233 715 5288 sibi
759 5234 1066 5302 defendere,
1120 5236 1358 5292 adunato
1407 5252 1604 5308 genere
1653 5238 1806 5302 Adxc,
1863 5253 1938 5292 ne
1969 5237 2046 5294 ad

455 5322 644 5394 prima:
668 5325 891 5393 originis
939 5329 1254 5386 redderetur
1281 5327 1570 5398 facturam,
1593 5331 1706 5403 jam
1738 5339 1882 5388 totus
1915 5345 2041 5402 per-

457 5431 684 5474 manens
713 5418 1050 5479 immortalis.

1077 5536 1306 5595 CAPUT
1335 5537 1470 5595 Vill.

459 5624 698 5706 Ostendit
729 5624 832 5696 legi
869 5625 1064 5706 σιξτίσεὶ
1091 5647 1200 5706 esse
1227 5631 1453 5706 [innitar
1475 5632 1875 5706 adiuuandum,
1910 5650 2041 5706 quo-

635 5699 776 5755 niam
804 5715 902 5752 sua
929 5700 1011 5752 [ex
1035 5709 1110 5754 est
1139 5701 1226 5754 lea:
1263 5703 1398 5768 vitaz,
1437 5712 1486 5758 et
1517 5703 1604 5756 lex
1620 5705 1860 5774 spiritus.

531 5791 684 5851 Nihil
706 5809 830 5862 ergo
865 5811 1005 5854 nunc
1039 5794 1398 5852 damnationis
1436 5808 1514 5852 est
1540 5799 1643 5864 Itis,
1697 5800 1792 5870 qui
1831 5809 1956 5854 sunt
1983 5803 2040 5856 in

2144 3305 2340 3376 pietas,
2363 3306 2446 3360 sic
2462 3306 2752 3376 sapientia,
2776 3313 2964 3378 partes
2983 3319 3114 3362 suas
3144 3307 3202 3362 in
3227 3307 3766 3377 meonetius-discu-

2144 3405 2302 3468 tiunt,
2358 3419 2494 3477 quas
2523 3404 2568 3460 si
2597 3413 2746 3460 recte
2775 3412 2831 3460 et
2857 3404 3066 3475 integre
3093 3405 3148 3458 in
3175 3417 3242 3460 eo
3291 3411 3545 3459 constare
3591 3417 3764 3474 repe-

2141 3497 2354 3562 ricrint,
2401 3503 2531 3552 tunc
2557 3495 2861 3576 itt_Christo
2905 3507 3048 3562 esse,
3081 3505 3138 3552 et
3183 3497 3324 3552 nihil
3369 3497 3761 3553 damnationis

2142 3588 2347 3645 habere
2374 3590 2668 3660 putabitur.
2699 3589 2835 3658 Quas
2873 3591 3062 3660 utique
3086 3590 3308 3646 dubium
3338 3605 3448 3646 non
3474 3599 3584 3655 est,
3614 3593 3758 3660 quin

2143 3689 2242 3737 usti
2274 3688 2332 3736 et
2379 3681 2732 3737 meditatione
2761 3681 2938 3754 longa,
2975 3689 3032 3737 et
3073 3681 3261 3737 labore
3305 3681 3558 3753 pervigili
3613 3697 3759 3738 con-

2142 3776 2468 3846 Quir-antur;
2525 3785 2580 3832 et
2624 3777 2750 3833 ideo
2785 3793 2892 3833 non
2943 3779 3134 3835 otiosis
3183 3781 3300 3834 haec
3352 3777 3608 3834 accidere
3657 3786 3762 3833 aut

2142 3868 2402 3939 segnibus
2445 3875 2664 3924 eertum
2705 3877 2810 3934 est,
2861 3870 2958 3925 sed
3004 3871 3261 3942 paulatim
3306 3871 3666 3942 proliciendo,
3696 3882 3758 3926 et

2141 3961 2320 4030 primo
2365 3973 2556 4031 pauca,
2593 3969 2720 4018 tunc
2759 3963 2952 4019 deinde
2997 3964 3239 4026 minima,
3271 3967 3348 4022 ad
3393 3964 3650 4020 ultimum
3705 3966 3758 4020 si

2141 4047 2384 4106 obtinere
2406 4063 2718 4121 potuerunt,
2744 4054 2887 4108 nulla
2907 4057 3196 4125 peccando.
3217 4055 3410 4129 (Aug.)
3427 4056 3495 4111 Et
3522 4057 3755 4124 quidem

2141 4141 2274 4196 satis
2317 4143 2556 4198 ostendit
2575 4145 3086 4201 condemnationem
3113 4161 3225 4203 non
3263 4160 3402 4212 esse,
3427 4147 3472 4202 si
3503 4147 3757 4202 evistant

2141 4232 2409 4289 desideria
2457 4235 2720 4300 carnalia,
2769 4235 2864 4293 sed
2915 4238 2963 4292 si
3003 4239 3083 4293 eis
3129 4237 3197 4292 ad
3242 4239 3574 4308 peccandum
3637 4256 3750 4294 non

2139 4326 2452 4391 obediutur;
2473 4327 2622 4397 quod
2645 4329 2909 4401 contingit
2941 4329 3025 4386 bis
3050 4330 3142 4400 qui
3169 4331 3270 4384 sub
3297 4329 3416 4403 lege
3457 4332 3750 4388 constituti

2141 4426 2286 4485 sunt,
2311 4419 2548 4474 nondum
2575 4421 2676 4476 sub
2700 4423 2896 4494 gratia.
2916 4421 3049 4478 Nam
3070 4422 3174 4478 sub
3198 4423 3600 4494 legeconstituti
3635 4440 3750 4480 non

2142 4513 2317 4569 solum
2367 4525 2756 4588 repugnantem
2803 4517 3005 4573 habent
3073 4519 3587 4588 concupiscentiam.
3647 4524 3748 4574 sed

2143 4606 2307 4660 etiam
2325 4607 2525 4676 captivi
2545 4609 2837 4676 ducuntur,
2855 4625 2980 4666 cum
2999 4611 3381 4680 obtemperant
3393 4611 3444 4666 ei
3468 4625 3482 4664 :
3513 4626 3618 4664 non
3639 4611 3746 4665 hoc

2143 4697 2407 4767 contingit
2447 4697 2530 4753 bis
2555 4700 2648 4770 qui
2676 4709 2856 4755 mute
2882 4703 3124 4757 serviunt
3145 4701 3248 4773 legi
3281 4702 3395 4757 Dei.
3442 4699 3695 4770 (Castior:
3727 4703 3744 4769 )

2147 4787 2318 4855 Nihil,
2349 4789 2545 4860 inquit,
2586 4807 2722 4846 nunc
2749 4793 3106 4848 damnationis
3135 4805 3208 4849 est
3245 4795 3327 4849 Itis
3379 4795 3467 4866 qui
3522 4805 3646 4846 sunt
3687 4795 3742 4848 in

2143 4877 2351 4933 Christo
2379 4880 2530 4948 Jesu,
2561 4881 2646 4937 lex
2670 4885 2808 4938 enim
2836 4883 3065 4954 Spiritus
3123 4887 3242 4941 vita:
3272 4887 3326 4940 in
3353 4883 3558 4942 Christo
3603 4887 3738 4942 Iesu

2143 4965 2384 5024 liberavit
2405 4987 2484 5026 me
2507 4988 2539 5026 a
2577 4971 2687 5044 lege
2718 4976 2920 5045 peccati
2941 4986 2990 5030 et
3016 4979 3237 5042 mortis;
3265 4979 3318 5032 in
3343 4993 3450 5048 quo
3476 4977 3736 5048 intelligi-

2139 5067 2232 5116 tur
2257 5061 2572 5132 quotidiana
2615 5066 2787 5135 gratia
2829 5064 3032 5122 Christi
3079 5083 3270 5123 omnes
3319 5077 3535 5130 sanctos
3582 5083 3734 5130 suos,

2139 5153 2208 5207 ab
2245 5154 2345 5208 hac
2393 5153 2511 5226 lege
2532 5156 2741 5226 peccati
2789 5167 2846 5212 et
2873 5160 3082 5224 mortis,
3127 5158 3181 5214 in
3210 5173 3375 5230 quam
3422 5159 3622 5242 iugiter
3646 5160 3736 5216 vel

2141 5247 2386 5305 nolentes
2410 5260 2680 5324 coguntur
2712 5253 3010 5321 incurrere,
3039 5270 3159 5311 cum
3184 5256 3555 5314 remissionem
3581 5256 3734 5312 debi-

2143 5347 2318 5394 torum
2349 5355 2568 5397 suorum
2599 5359 2630 5397 a
2654 5341 2882 5400 Domino
2904 5355 3213 5418 precantur,
3245 5347 3476 5404 absolvi.
3509 5347 3738 5403 Videtur

2097 5483 2103 5488 .
2148 5443 2276 5499 ergo
2319 5445 2426 5485 non
2454 5445 2518 5486 ex
2567 5447 2798 5503 persona
2844 5443 3208 5506 peccatorum,
3245 5437 3340 5494 sed
3379 5453 3448 5494 ex
3495 5437 3730 5504 illorum,

2155 5525 2239 5596 qui
2269 5541 2400 5582 vere
2435 5530 2608 5584 sancti
2661 5539 2824 5600 atque
2863 5531 3086 5602 perfecti
3135 5541 3289 5601 sunt,
3323 5533 3468 5590 hanc
3510 5535 3730 5589 beatum

2146 5617 2461 5688 Apostolum
2485 5622 2814 5692 prompsisse
2846 5625 3211 5680 sententiam:
3260 5621 3387 5678 Non
3411 5623 3550 5678 enim
3588 5621 3734 5692 quod

2145 5709 2261 5764 volo
2286 5711 2424 5780 facio
2457 5713 2666 5776 bonum,
2696 5713 2789 5768 sed
2827 5714 2985 5783 quod.
3011 5715 3102 5767 odi
3120 5713 3318 5768 malum
3349 5715 3448 5770 hoc
3475 5729 3606 5786 ago;
3633 5720 3688 5767 et
3713 5731 3726 5766 :

2154 5800 2318 5857 Video
2347 5803 2509 5857 aliam
2537 5802 2700 5873 legem
2727 5806 2785 5860 in
2807 5803 3054 5861 membris
3085 5805 3214 5862 meis
3235 5815 3606 5868 reouqnantem
3627 5801 3730 5868 ιεσὶ
