  <div class='ocr_page' id='page_1' title='image "/cluster/home/n/w/nwhite01/storage/ocr_20150623/111/hvd.32044009716333/726.png"; bbox 0 0 4000 6398; ppageno 0'>
   <div class='ocr_carea' id='block_1_1' title="bbox 258 405 408 461">
    <p class='ocr_par' dir='ltr' id='par_1_1' title="bbox 258 405 408 461">
     <span class='ocr_line' id='line_1_1' title="bbox 258 405 408 461; baseline -0.007 -2"><span class='ocrx_word' id='word_1_1' title='bbox 258 405 286 459; x_wconf 67' lang='grc'><strong>1</strong></span> <span class='ocrx_word' id='word_1_2' title='bbox 299 405 408 461; x_wconf 77' lang='grc'><strong>457</strong></span> 
     </span>
    </p>
   </div>
   <div class='ocr_carea' id='block_1_2' title="bbox 795 367 2990 456">
    <p class='ocr_par' dir='ltr' id='par_1_2' title="bbox 795 367 2990 456">
     <span class='ocr_line' id='line_1_2' title="bbox 795 367 2990 456; baseline -0 -2"><span class='ocrx_word' id='word_1_3' title='bbox 795 396 1346 454; x_wconf 71' lang='lat' dir='ltr'><strong>ENARRA&#39;HONUM</strong></span> <span class='ocrx_word' id='word_1_4' title='bbox 1385 395 1452 452; x_wconf 75' lang='lat' dir='ltr'><strong>IN</strong></span> <span class='ocrx_word' id='word_1_5' title='bbox 1489 394 1637 452; x_wconf 83' lang='lat' dir='ltr'><strong>EPP.</strong></span> <span class='ocrx_word' id='word_1_6' title='bbox 1680 394 1882 450; x_wconf 66' lang='lat' dir='ltr'><strong>rsum</strong></span> <span class='ocrx_word' id='word_1_7' title='bbox 1919 383 2045 450; x_wconf 77' lang='lat' dir='ltr'><strong>Lm.</strong></span> <span class='ocrx_word' id='word_1_8' title='bbox 2087 395 2175 452; x_wconf 82' lang='lat' dir='ltr'><strong>1v.</strong></span> <span class='ocrx_word' id='word_1_9' title='bbox 2217 429 2286 441; x_wconf 85' lang='lat'><em>_</em></span> <span class='ocrx_word' id='word_1_10' title='bbox 2325 397 2392 454; x_wconf 81' lang='lat' dir='ltr'><strong>IN</strong></span> <span class='ocrx_word' id='word_1_11' title='bbox 2433 387 2651 455; x_wconf 77' lang='lat' dir='ltr'><strong>EPIST.</strong></span> <span class='ocrx_word' id='word_1_12' title='bbox 2696 387 2785 455; x_wconf 74' lang='lat' dir='ltr'><strong>An</strong></span> <span class='ocrx_word' id='word_1_13' title='bbox 2820 367 2990 456; x_wconf 77' lang='lat' dir='ltr'><strong>naM.</strong></span> 
     </span>
    </p>
   </div>
   <div class='ocr_carea' id='block_1_3' title="bbox 3389 399 3530 456">
    <p class='ocr_par' dir='ltr' id='par_1_3' title="bbox 3389 399 3530 456">
     <span class='ocr_line' id='line_1_3' title="bbox 3389 399 3530 456; baseline 0.007 -1"><span class='ocrx_word' id='word_1_14' title='bbox 3389 399 3530 456; x_wconf 71' lang='lat'><strong>“38</strong></span> 
     </span>
    </p>
   </div>
   <div class='ocr_carea' id='block_1_4' title="bbox 256 491 3527 595">
    <p class='ocr_par' dir='ltr' id='par_1_4' title="bbox 256 491 3527 595">
     <span class='ocr_line' id='line_1_4' title="bbox 256 491 3527 595; baseline -0.002 -20"><span class='ocrx_word' id='word_1_15' title='bbox 256 519 457 576; x_wconf 81' lang='lat' dir='ltr'><strong>mentis</strong></span> <span class='ocrx_word' id='word_1_16' title='bbox 482 533 608 571; x_wconf 45' lang='lat' dir='ltr'><strong>mea,</strong></span> <span class='ocrx_word' id='word_1_17' title='bbox 632 491 680 570; x_wconf 74' lang='lat' dir='ltr'><strong>et</strong></span> <span class='ocrx_word' id='word_1_18' title='bbox 704 517 960 586; x_wconf 79' lang='lat' dir='ltr'><strong>captivam</strong></span> <span class='ocrx_word' id='word_1_19' title='bbox 987 531 1066 568; x_wconf 82' lang='lat' dir='ltr'><strong>me</strong></span> <span class='ocrx_word' id='word_1_20' title='bbox 1091 515 1360 567; x_wconf 73' lang='lat' dir='ltr'><strong>ducentem</strong></span> <span class='ocrx_word' id='word_1_21' title='bbox 1391 514 1444 565; x_wconf 86' lang='lat' dir='ltr'><strong>in</strong></span> <span class='ocrx_word' id='word_1_22' title='bbox 1488 497 1594 581; x_wconf 78' lang='lat' dir='ltr'><strong>lege</strong></span> <span class='ocrx_word' id='word_1_23' title='bbox 1623 509 1844 580; x_wconf 80' lang='lat' dir='ltr'><strong>peccati,</strong></span> <span class='ocrx_word' id='word_1_24' title='bbox 1873 512 1920 571; x_wconf 86' lang='grc' dir='ltr'><strong>Α</strong></span> <span class='ocrx_word' id='word_1_25' title='bbox 1950 511 2087 579; x_wconf 83' lang='lat' dir='ltr'><strong>gelio</strong></span> <span class='ocrx_word' id='word_1_26' title='bbox 2112 522 2288 566; x_wconf 85' lang='lat' dir='ltr'><strong>autem</strong></span> <span class='ocrx_word' id='word_1_27' title='bbox 2321 517 2617 568; x_wconf 85' lang='lat' dir='ltr'><strong>secundum</strong></span> <span class='ocrx_word' id='word_1_28' title='bbox 2640 512 2900 568; x_wconf 79' lang='lat' dir='ltr'><strong>Joannem</strong></span> <span class='ocrx_word' id='word_1_29' title='bbox 2931 513 3188 582; x_wconf 88' lang='lat' dir='ltr'><strong>scriptum</strong></span> <span class='ocrx_word' id='word_1_30' title='bbox 3217 520 3319 595; x_wconf 84' lang='lat' dir='ltr'><strong>est,</strong></span> <span class='ocrx_word' id='word_1_31' title='bbox 3349 514 3527 568; x_wconf 89' lang='lat' dir='ltr'><strong>Domi-</strong></span> 
     </span>
    </p>
   </div>
   <div class='ocr_carea' id='block_1_5' title="bbox 255 607 1152 684">
    <p class='ocr_par' dir='ltr' id='par_1_5' title="bbox 255 607 1152 684">
     <span class='ocr_line' id='line_1_5' title="bbox 255 607 1152 684; baseline -0.012 -18"><span class='ocrx_word' id='word_1_32' title='bbox 255 628 388 684; x_wconf 72' lang='lat' dir='ltr'><strong>qute</strong></span> <span class='ocrx_word' id='word_1_33' title='bbox 413 625 486 664; x_wconf 82' lang='lat' dir='ltr'><strong>est</strong></span> <span class='ocrx_word' id='word_1_34' title='bbox 518 617 568 661; x_wconf 74' lang='lat' dir='ltr'><strong>in</strong></span> <span class='ocrx_word' id='word_1_35' title='bbox 597 607 838 660; x_wconf 77' lang='lat' dir='ltr'><strong>membris</strong></span> <span class='ocrx_word' id='word_1_36' title='bbox 866 607 1014 659; x_wconf 84' lang='lat' dir='ltr'><strong>meis.</strong></span> <span class='ocrx_word' id='word_1_37' title='bbox 1147 675 1152 684; x_wconf 37' lang='lat'><strong>&#39;</strong></span> 
     </span>
    </p>
   </div>
   <div class='ocr_carea' id='block_1_6' title="bbox 338 693 1845 768">
    <p class='ocr_par' dir='ltr' id='par_1_6' title="bbox 338 693 1845 768">
     <span class='ocr_line' id='line_1_6' title="bbox 338 693 1845 768; baseline -0.009 -11"><span class='ocrx_word' id='word_1_38' title='bbox 338 703 449 757; x_wconf 65' lang='lat' dir='ltr'><strong>Lex</strong></span> <span class='ocrx_word' id='word_1_39' title='bbox 476 704 632 766; x_wconf 75' lang='lat' dir='ltr'><strong>eriim,</strong></span> <span class='ocrx_word' id='word_1_40' title='bbox 662 702 758 763; x_wconf 84' lang='lat' dir='ltr'><strong>ait,</strong></span> <span class='ocrx_word' id='word_1_41' title='bbox 785 699 1012 768; x_wconf 72' lang='lat' dir='ltr'><strong>Spiritus</strong></span> <span class='ocrx_word' id='word_1_42' title='bbox 1044 707 1162 750; x_wconf 68' lang='lat' dir='ltr'><strong>&quot;tte</strong></span> <span class='ocrx_word' id='word_1_43' title='bbox 1203 697 1257 748; x_wconf 84' lang='lat' dir='ltr'><strong>in</strong></span> <span class='ocrx_word' id='word_1_44' title='bbox 1297 694 1507 748; x_wconf 76' lang='lat' dir='ltr'><strong>Christo</strong></span> <span class='ocrx_word' id='word_1_45' title='bbox 1549 693 1675 746; x_wconf 67' lang='lat' dir='ltr'><strong>Iesu</strong></span> <span class='ocrx_word' id='word_1_46' title='bbox 1718 693 1845 745; x_wconf 86' lang='lat' dir='ltr'><strong>libe-</strong></span> 
     </span>
    </p>
   </div>
   <div class='ocr_carea' id='block_1_7' title="bbox 256 784 1846 861">
    <p class='ocr_par' dir='ltr' id='par_1_7' title="bbox 256 784 1846 861">
     <span class='ocr_line' id='line_1_7' title="bbox 256 784 1846 861; baseline -0.008 -12"><span class='ocrx_word' id='word_1_47' title='bbox 256 797 401 849; x_wconf 67' lang='lat' dir='ltr'><strong>ravit</strong></span> <span class='ocrx_word' id='word_1_48' title='bbox 426 811 502 846; x_wconf 88' lang='lat' dir='ltr'><strong>me</strong></span> <span class='ocrx_word' id='word_1_49' title='bbox 524 811 558 846; x_wconf 64' lang='grc' dir='ltr'><em>α</em></span> <span class='ocrx_word' id='word_1_50' title='bbox 584 792 688 861; x_wconf 88' lang='lat' dir='ltr'><strong>lcge</strong></span> <span class='ocrx_word' id='word_1_51' title='bbox 713 790 906 861; x_wconf 72' lang='lat' dir='ltr'><strong>peccati</strong></span> <span class='ocrx_word' id='word_1_52' title='bbox 934 799 978 841; x_wconf 85' lang='lat' dir='ltr'><strong>et</strong></span> <span class='ocrx_word' id='word_1_53' title='bbox 1003 789 1224 841; x_wconf 79' lang='lat' dir='ltr'><strong>°mortis.</strong></span> <span class='ocrx_word' id='word_1_54' title='bbox 1261 785 1463 855; x_wconf 80' lang='lat' dir='ltr'><strong>(Amb.)</strong></span> <span class='ocrx_word' id='word_1_55' title='bbox 1492 784 1846 839; x_wconf 74' lang='lat' dir='ltr'><strong>Securitatem</strong></span> 
     </span>
    </p>
   </div>
   <div class='ocr_carea' id='block_1_8' title="bbox 255 879 1847 958">
    <p class='ocr_par' dir='ltr' id='par_1_8' title="bbox 255 879 1847 958">
     <span class='ocr_line' id='line_1_8' title="bbox 255 879 1847 958; baseline -0.006 -16"><span class='ocrx_word' id='word_1_56' title='bbox 255 890 471 958; x_wconf 79' lang='lat' dir='ltr'><strong>ﬂagitat</strong></span> <span class='ocrx_word' id='word_1_57' title='bbox 499 886 698 940; x_wconf 87' lang='lat' dir='ltr'><strong>homini</strong></span> <span class='ocrx_word' id='word_1_58' title='bbox 728 899 821 953; x_wconf 78' lang='lat' dir='ltr'><strong>per</strong></span> <span class='ocrx_word' id='word_1_59' title='bbox 840 881 1067 952; x_wconf 84' lang='lat' dir='ltr'><strong>gratiam</strong></span> <span class='ocrx_word' id='word_1_60' title='bbox 1099 881 1212 942; x_wconf 86' lang='lat' dir='ltr'><strong>Dei,</strong></span> <span class='ocrx_word' id='word_1_61' title='bbox 1239 889 1295 932; x_wconf 90' lang='lat' dir='ltr'><strong>ut</strong></span> <span class='ocrx_word' id='word_1_62' title='bbox 1327 881 1392 933; x_wconf 90' lang='lat' dir='ltr'><strong>de</strong></span> <span class='ocrx_word' id='word_1_63' title='bbox 1415 879 1847 948; x_wconf 83' lang='lat' dir='ltr'><strong>suggestionibus</strong></span> 
     </span>
    </p>
   </div>
   <div class='ocr_carea' id='block_1_9' title="bbox 254 972 1841 1041">
    <p class='ocr_par' dir='ltr' id='par_1_9' title="bbox 254 972 1841 1041">
     <span class='ocr_line' id='line_1_9' title="bbox 254 972 1841 1041; baseline -0.004 -10"><span class='ocrx_word' id='word_1_64' title='bbox 254 980 462 1032; x_wconf 87' lang='lat' dir='ltr'><strong>diaboli</strong></span> <span class='ocrx_word' id='word_1_65' title='bbox 518 994 620 1032; x_wconf 90' lang='lat' dir='ltr'><strong>non</strong></span> <span class='ocrx_word' id='word_1_66' title='bbox 671 977 741 1030; x_wconf 81' lang='lat' dir='ltr'><strong>sit</strong></span> <span class='ocrx_word' id='word_1_67' title='bbox 797 976 1076 1036; x_wconf 78' lang='lat' dir='ltr'><strong>sollicitus,</strong></span> <span class='ocrx_word' id='word_1_68' title='bbox 1106 974 1396 1026; x_wconf 76' lang='lat' dir='ltr'><strong>dummodo</strong></span> <span class='ocrx_word' id='word_1_69' title='bbox 1427 983 1643 1041; x_wconf 82' lang='lat' dir='ltr'><strong>spernat</strong></span> <span class='ocrx_word' id='word_1_70' title='bbox 1687 972 1841 1025; x_wconf 88' lang='lat' dir='ltr'><strong>illas:</strong></span> 
     </span>
    </p>
   </div>
   <div class='ocr_carea' id='block_1_10' title="bbox 255 1065 1844 1134">
    <p class='ocr_par' dir='ltr' id='par_1_10' title="bbox 255 1065 1844 1134">
     <span class='ocr_line' id='line_1_10' title="bbox 255 1065 1844 1134; baseline -0.003 -11"><span class='ocrx_word' id='word_1_71' title='bbox 255 1071 396 1123; x_wconf 83' lang='lat' dir='ltr'><strong>nihil</strong></span> <span class='ocrx_word' id='word_1_72' title='bbox 435 1071 577 1122; x_wconf 89' lang='lat' dir='ltr'><strong>enim</strong></span> <span class='ocrx_word' id='word_1_73' title='bbox 608 1068 808 1121; x_wconf 83' lang='lat' dir='ltr'><strong>homini</strong></span> <span class='ocrx_word' id='word_1_74' title='bbox 838 1068 1069 1119; x_wconf 87' lang='lat' dir='ltr'><strong>oberunt</strong></span> <span class='ocrx_word' id='word_1_75' title='bbox 1094 1065 1232 1134; x_wconf 82' lang='lat' dir='ltr'><strong>apud</strong></span> <span class='ocrx_word' id='word_1_76' title='bbox 1266 1072 1498 1118; x_wconf 90' lang='lat' dir='ltr'><strong>mortem</strong></span> <span class='ocrx_word' id='word_1_77' title='bbox 1529 1065 1844 1129; x_wconf 88' lang='lat' dir='ltr'><strong>secundam,</strong></span> 
     </span>
    </p>
   </div>
   <div class='ocr_carea' id='block_1_11' title="bbox 253 1155 1846 1230">
    <p class='ocr_par' dir='ltr' id='par_1_11' title="bbox 253 1155 1846 1230">
     <span class='ocr_line' id='line_1_11' title="bbox 253 1155 1846 1230; baseline -0.003 -17"><span class='ocrx_word' id='word_1_78' title='bbox 253 1163 388 1230; x_wconf 84' lang='lat' dir='ltr'><strong>quia</strong></span> <span class='ocrx_word' id='word_1_79' title='bbox 436 1159 518 1213; x_wconf 86' lang='lat' dir='ltr'><strong>lex</strong></span> <span class='ocrx_word' id='word_1_80' title='bbox 553 1159 694 1222; x_wconf 87' lang='lat' dir='ltr'><strong>ﬁdei,</strong></span> <span class='ocrx_word' id='word_1_81' title='bbox 729 1157 780 1212; x_wconf 87' lang='lat' dir='ltr'><strong>id</strong></span> <span class='ocrx_word' id='word_1_82' title='bbox 827 1166 906 1210; x_wconf 84' lang='lat' dir='ltr'><strong>est</strong></span> <span class='ocrx_word' id='word_1_83' title='bbox 943 1157 1180 1225; x_wconf 85' lang='lat' dir='ltr'><strong>spiritus,</strong></span> <span class='ocrx_word' id='word_1_84' title='bbox 1217 1155 1462 1208; x_wconf 83' lang='lat' dir='ltr'><strong>liberavit</strong></span> <span class='ocrx_word' id='word_1_85' title='bbox 1512 1155 1782 1208; x_wconf 80' lang='lat' dir='ltr'><strong>hominem</strong></span> <span class='ocrx_word' id='word_1_86' title='bbox 1817 1172 1846 1209; x_wconf 79' lang='lat' dir='ltr'><strong>a</strong></span> 
     </span>
    </p>
   </div>
   <div class='ocr_carea' id='block_1_12' title="bbox 256 1247 1844 1316">
    <p class='ocr_par' dir='ltr' id='par_1_12' title="bbox 256 1247 1844 1316">
     <span class='ocr_line' id='line_1_12' title="bbox 256 1247 1844 1316; baseline -0.003 -12"><span class='ocrx_word' id='word_1_87' title='bbox 256 1260 437 1304; x_wconf 88' lang='lat' dir='ltr'><strong>morte</strong></span> <span class='ocrx_word' id='word_1_88' title='bbox 480 1250 734 1312; x_wconf 88' lang='lat' dir='ltr'><strong>secunda,</strong></span> <span class='ocrx_word' id='word_1_89' title='bbox 762 1249 1014 1302; x_wconf 87' lang='lat' dir='ltr'><strong>damnato</strong></span> <span class='ocrx_word' id='word_1_90' title='bbox 1059 1256 1322 1316; x_wconf 87' lang='lat' dir='ltr'><strong>peccato:</strong></span> <span class='ocrx_word' id='word_1_91' title='bbox 1360 1262 1459 1300; x_wconf 84' lang='lat' dir='ltr'><strong>nec</strong></span> <span class='ocrx_word' id='word_1_92' title='bbox 1525 1247 1676 1301; x_wconf 87' lang='lat' dir='ltr'><strong>obest</strong></span> <span class='ocrx_word' id='word_1_93' title='bbox 1735 1249 1844 1316; x_wconf 83' lang='lat' dir='ltr'><strong>jam</strong></span> 
     </span>
    </p>
   </div>
   <div class='ocr_carea' id='block_1_13' title="bbox 256 1338 1846 1408">
    <p class='ocr_par' dir='ltr' id='par_1_13' title="bbox 256 1338 1846 1408">
     <span class='ocr_line' id='line_1_13' title="bbox 256 1338 1846 1408; baseline 0 -16"><span class='ocrx_word' id='word_1_94' title='bbox 256 1340 487 1402; x_wconf 81' lang='lat' dir='ltr'><strong>homini,</strong></span> <span class='ocrx_word' id='word_1_95' title='bbox 521 1341 648 1408; x_wconf 83' lang='lat' dir='ltr'><strong>quia</strong></span> <span class='ocrx_word' id='word_1_96' title='bbox 683 1340 860 1392; x_wconf 86' lang='lat' dir='ltr'><strong>carnis</strong></span> <span class='ocrx_word' id='word_1_97' title='bbox 892 1339 1028 1391; x_wconf 85' lang='lat' dir='ltr'><strong>inest</strong></span> <span class='ocrx_word' id='word_1_98' title='bbox 1065 1347 1362 1406; x_wconf 88' lang='lat' dir='ltr'><strong>peccatum,</strong></span> <span class='ocrx_word' id='word_1_99' title='bbox 1414 1338 1456 1391; x_wconf 87' lang='lat' dir='ltr'><strong>si</strong></span> <span class='ocrx_word' id='word_1_100' title='bbox 1497 1339 1654 1391; x_wconf 91' lang='lat' dir='ltr'><strong>modo</strong></span> <span class='ocrx_word' id='word_1_101' title='bbox 1687 1355 1846 1408; x_wconf 87' lang='lat' dir='ltr'><strong>repu-</strong></span> 
     </span>
    </p>
   </div>
   <div class='ocr_carea' id='block_1_14' title="bbox 253 1430 1839 1495">
    <p class='ocr_par' dir='ltr' id='par_1_14' title="bbox 253 1430 1839 1495">
     <span class='ocr_line' id='line_1_14' title="bbox 253 1430 1839 1495; baseline 0.002 -14"><span class='ocrx_word' id='word_1_102' title='bbox 253 1441 390 1494; x_wconf 82' lang='lat' dir='ltr'><strong>gnet</strong></span> <span class='ocrx_word' id='word_1_103' title='bbox 422 1430 517 1491; x_wconf 90' lang='lat' dir='ltr'><strong>illi,</strong></span> <span class='ocrx_word' id='word_1_104' title='bbox 547 1445 754 1488; x_wconf 86' lang='lat' dir='ltr'><strong>memor</strong></span> <span class='ocrx_word' id='word_1_105' title='bbox 775 1430 961 1482; x_wconf 83' lang='lat' dir='ltr'><strong>auxilii</strong></span> <span class='ocrx_word' id='word_1_106' title='bbox 993 1431 1082 1483; x_wconf 86' lang='lat' dir='ltr'><strong>Dei</strong></span> <span class='ocrx_word' id='word_1_107' title='bbox 1114 1447 1126 1492; x_wconf 91' lang='lat'><strong>;</strong></span> <span class='ocrx_word' id='word_1_108' title='bbox 1163 1433 1256 1484; x_wconf 87' lang='lat' dir='ltr'><strong>sed</strong></span> <span class='ocrx_word' id='word_1_109' title='bbox 1290 1439 1342 1483; x_wconf 86' lang='lat' dir='ltr'><strong>et</strong></span> <span class='ocrx_word' id='word_1_110' title='bbox 1373 1433 1711 1485; x_wconf 78' lang='lat' dir='ltr'><strong>coronandus</strong></span> <span class='ocrx_word' id='word_1_111' title='bbox 1741 1441 1839 1495; x_wconf 89' lang='lat' dir='ltr'><strong>est,</strong></span> 
     </span>
    </p>
   </div>
   <div class='ocr_carea' id='block_1_15' title="bbox 253 1522 1843 1590">
    <p class='ocr_par' dir='ltr' id='par_1_15' title="bbox 253 1522 1843 1590">
     <span class='ocr_line' id='line_1_15' title="bbox 253 1522 1843 1590; baseline 0.001 -17"><span class='ocrx_word' id='word_1_112' title='bbox 253 1523 350 1588; x_wconf 90' lang='lat' dir='ltr'><strong>qui</strong></span> <span class='ocrx_word' id='word_1_113' title='bbox 382 1524 585 1590; x_wconf 75' lang='lat' dir='ltr'><strong>peccati</strong></span> <span class='ocrx_word' id='word_1_114' title='bbox 618 1523 668 1573; x_wconf 93' lang='lat' dir='ltr'><strong>in</strong></span> <span class='ocrx_word' id='word_1_115' title='bbox 701 1537 862 1575; x_wconf 87' lang='lat' dir='ltr'><strong>carne</strong></span> <span class='ocrx_word' id='word_1_116' title='bbox 895 1523 1159 1574; x_wconf 86' lang='lat' dir='ltr'><strong>manentis</strong></span> <span class='ocrx_word' id='word_1_117' title='bbox 1188 1523 1386 1590; x_wconf 83' lang='lat' dir='ltr'><strong>premit</strong></span> <span class='ocrx_word' id='word_1_118' title='bbox 1416 1522 1642 1576; x_wconf 87' lang='lat' dir='ltr'><strong>consilia</strong></span> <span class='ocrx_word' id='word_1_119' title='bbox 1671 1541 1682 1575; x_wconf 92' lang='lat'><strong>:</strong></span> <span class='ocrx_word' id='word_1_120' title='bbox 1723 1539 1843 1575; x_wconf 89' lang='lat' dir='ltr'><strong>ma-</strong></span> 
     </span>
    </p>
   </div>
   <div class='ocr_carea' id='block_1_16' title="bbox 253 1613 1842 1680">
    <p class='ocr_par' dir='ltr' id='par_1_16' title="bbox 253 1613 1842 1680">
     <span class='ocr_line' id='line_1_16' title="bbox 253 1613 1842 1680; baseline 0.002 -16"><span class='ocrx_word' id='word_1_121' title='bbox 253 1630 360 1680; x_wconf 72' lang='lat' dir='ltr'><strong>gna</strong></span> <span class='ocrx_word' id='word_1_122' title='bbox 395 1613 538 1666; x_wconf 89' lang='lat' dir='ltr'><strong>enim</strong></span> <span class='ocrx_word' id='word_1_123' title='bbox 571 1613 786 1665; x_wconf 78' lang='lat' dir='ltr'><strong>solertia</strong></span> <span class='ocrx_word' id='word_1_124' title='bbox 815 1622 897 1665; x_wconf 88' lang='lat' dir='ltr'><strong>est</strong></span> <span class='ocrx_word' id='word_1_125' title='bbox 939 1613 1217 1666; x_wconf 73' lang='lat' dir='ltr'><strong>domestici</strong></span> <span class='ocrx_word' id='word_1_126' title='bbox 1250 1614 1417 1667; x_wconf 85' lang='lat' dir='ltr'><strong>hostis</strong></span> <span class='ocrx_word' id='word_1_127' title='bbox 1460 1615 1681 1666; x_wconf 77' lang='lat' dir='ltr'><strong>insidias</strong></span> <span class='ocrx_word' id='word_1_128' title='bbox 1729 1615 1842 1668; x_wconf 78' lang='lat' dir='ltr'><strong>evi-</strong></span> 
     </span>
    </p>
   </div>
   <div class='ocr_carea' id='block_1_17' title="bbox 257 1700 1842 1771">
    <p class='ocr_par' dir='ltr' id='par_1_17' title="bbox 257 1700 1842 1771">
     <span class='ocr_line' id='line_1_17' title="bbox 257 1700 1842 1771; baseline 0.004 -20"><span class='ocrx_word' id='word_1_129' title='bbox 257 1709 395 1752; x_wconf 77' lang='lat' dir='ltr'><strong>tare.</strong></span> <span class='ocrx_word' id='word_1_130' title='bbox 435 1700 542 1755; x_wconf 80' lang='lat' dir='ltr'><strong>Lex</strong></span> <span class='ocrx_word' id='word_1_131' title='bbox 594 1715 722 1770; x_wconf 84' lang='lat' dir='ltr'><strong>ergo</strong></span> <span class='ocrx_word' id='word_1_132' title='bbox 749 1702 969 1769; x_wconf 83' lang='lat' dir='ltr'><strong>spiritus</strong></span> <span class='ocrx_word' id='word_1_133' title='bbox 999 1703 1122 1755; x_wconf 69' lang='lat' dir='ltr'><strong>vita:</strong></span> <span class='ocrx_word' id='word_1_134' title='bbox 1157 1703 1266 1771; x_wconf 87' lang='lat' dir='ltr'><strong>ipsa</strong></span> <span class='ocrx_word' id='word_1_135' title='bbox 1300 1712 1380 1756; x_wconf 87' lang='lat' dir='ltr'><strong>est</strong></span> <span class='ocrx_word' id='word_1_136' title='bbox 1411 1704 1493 1755; x_wconf 84' lang='lat' dir='ltr'><strong>lex</strong></span> <span class='ocrx_word' id='word_1_137' title='bbox 1524 1703 1643 1756; x_wconf 91' lang='lat' dir='ltr'><strong>ﬁdei</strong></span> <span class='ocrx_word' id='word_1_138' title='bbox 1677 1721 1688 1754; x_wconf 93' lang='lat'><strong>:</strong></span> <span class='ocrx_word' id='word_1_139' title='bbox 1720 1720 1842 1757; x_wconf 91' lang='lat' dir='ltr'><strong>nam</strong></span> 
     </span>
    </p>
   </div>
   <div class='ocr_carea' id='block_1_18' title="bbox 252 1792 1837 1865">
    <p class='ocr_par' dir='ltr' id='par_1_18' title="bbox 252 1792 1837 1865">
     <span class='ocr_line' id='line_1_18' title="bbox 252 1792 1837 1865; baseline 0.004 -21"><span class='ocrx_word' id='word_1_140' title='bbox 252 1803 312 1844; x_wconf 87' lang='lat' dir='ltr'><strong>et</strong></span> <span class='ocrx_word' id='word_1_141' title='bbox 343 1792 540 1862; x_wconf 78' lang='lat' dir='ltr'><strong>Moysis</strong></span> <span class='ocrx_word' id='word_1_142' title='bbox 590 1793 672 1847; x_wconf 78' lang='lat' dir='ltr'><strong>lex</strong></span> <span class='ocrx_word' id='word_1_143' title='bbox 698 1794 959 1862; x_wconf 77' lang='lat' dir='ltr'><strong>spiritalis</strong></span> <span class='ocrx_word' id='word_1_144' title='bbox 983 1803 1086 1857; x_wconf 83' lang='lat' dir='ltr'><strong>est,</strong></span> <span class='ocrx_word' id='word_1_145' title='bbox 1125 1796 1253 1863; x_wconf 83' lang='lat' dir='ltr'><strong>quia</strong></span> <span class='ocrx_word' id='word_1_146' title='bbox 1282 1796 1532 1863; x_wconf 79' lang='lat' dir='ltr'><strong>prohibet</strong></span> <span class='ocrx_word' id='word_1_147' title='bbox 1575 1811 1798 1865; x_wconf 82' lang='lat' dir='ltr'><strong>peccare.</strong></span> <span class='ocrx_word' id='word_1_148' title='bbox 1824 1814 1837 1862; x_wconf 92' lang='lat'><strong>;</strong></span> 
     </span>
    </p>
   </div>
   <div class='ocr_carea' id='block_1_19' title="bbox 1949 605 3527 676">
    <p class='ocr_par' dir='ltr' id='par_1_19' title="bbox 1949 605 3527 676">
     <span class='ocr_line' id='line_1_19' title="bbox 1949 605 3527 676; baseline 0.003 -20"><span class='ocrx_word' id='word_1_149' title='bbox 1949 618 2019 656; x_wconf 89' lang='lat' dir='ltr'><strong>no</strong></span> <span class='ocrx_word' id='word_1_150' title='bbox 2068 605 2319 658; x_wconf 86' lang='lat' dir='ltr'><strong>dicente:</strong></span> <span class='ocrx_word' id='word_1_151' title='bbox 2368 606 2428 659; x_wconf 88' lang='lat' dir='ltr'><strong>Si</strong></span> <span class='ocrx_word' id='word_1_152' title='bbox 2460 606 2757 659; x_wconf 81' lang='lat' dir='ltr'><strong>numseritis</strong></span> <span class='ocrx_word' id='word_1_153' title='bbox 2793 607 2848 660; x_wconf 79' lang='lat' dir='ltr'><strong>in</strong></span> <span class='ocrx_word' id='word_1_154' title='bbox 2875 605 3028 658; x_wconf 80' lang='lat' dir='ltr'><strong>verba</strong></span> <span class='ocrx_word' id='word_1_155' title='bbox 3059 622 3194 670; x_wconf 85' lang='lat' dir='ltr'><strong>meo,</strong></span> <span class='ocrx_word' id='word_1_156' title='bbox 3239 609 3527 676; x_wconf 72' lang='lat' dir='ltr'><strong>(ignoscetis</strong></span> 
     </span>
    </p>
   </div>
   <div class='ocr_carea' id='block_1_20' title="bbox 1947 693 3528 766">
    <p class='ocr_par' dir='ltr' id='par_1_20' title="bbox 1947 693 3528 766">
     <span class='ocr_line' id='line_1_20' title="bbox 1947 693 3528 766; baseline 0.003 -19"><span class='ocrx_word' id='word_1_157' title='bbox 1947 696 2232 757; x_wconf 76' lang='lat' dir='ltr'><strong>veritatem,</strong></span> <span class='ocrx_word' id='word_1_158' title='bbox 2264 705 2312 748; x_wconf 86' lang='lat' dir='ltr'><strong>et</strong></span> <span class='ocrx_word' id='word_1_159' title='bbox 2350 697 2534 749; x_wconf 78' lang='lat' dir='ltr'><strong>veritas</strong></span> <span class='ocrx_word' id='word_1_160' title='bbox 2560 697 2797 749; x_wconf 81' lang='lat' dir='ltr'><strong>liberabit</strong></span> <span class='ocrx_word' id='word_1_161' title='bbox 2841 711 2926 749; x_wconf 79' lang='lat' dir='ltr'><strong>vos</strong></span> <span class='ocrx_word' id='word_1_162' title='bbox 2955 693 3136 766; x_wconf 80' lang='lat' dir='ltr'><strong>(Joan.</strong></span> <span class='ocrx_word' id='word_1_163' title='bbox 3162 695 3306 762; x_wconf 85' lang='lat' dir='ltr'><strong>vni),</strong></span> <span class='ocrx_word' id='word_1_164' title='bbox 3340 696 3388 749; x_wconf 91' lang='lat' dir='ltr'><strong>iu</strong></span> <span class='ocrx_word' id='word_1_165' title='bbox 3420 711 3528 766; x_wconf 87' lang='lat' dir='ltr'><strong>quo</strong></span> 
     </span>
    </p>
   </div>
   <div class='ocr_carea' id='block_1_21' title="bbox 1949 784 3526 856">
    <p class='ocr_par' dir='ltr' id='par_1_21' title="bbox 1949 784 3526 856">
     <span class='ocr_line' id='line_1_21' title="bbox 1949 784 3526 856; baseline 0.005 -20"><span class='ocrx_word' id='word_1_166' title='bbox 1949 784 2077 837; x_wconf 82' lang='lat' dir='ltr'><strong>mihi</strong></span> <span class='ocrx_word' id='word_1_167' title='bbox 2109 785 2322 853; x_wconf 76' lang='lat' dir='ltr'><strong>quidem</strong></span> <span class='ocrx_word' id='word_1_168' title='bbox 2355 784 2564 838; x_wconf 75' lang='lat' dir='ltr'><strong>videtur</strong></span> <span class='ocrx_word' id='word_1_169' title='bbox 2587 787 2734 854; x_wconf 87' lang='lat' dir='ltr'><strong>quod</strong></span> <span class='ocrx_word' id='word_1_170' title='bbox 2779 786 3027 854; x_wconf 79' lang='lat' dir='ltr'><strong>quamvis</strong></span> <span class='ocrx_word' id='word_1_171' title='bbox 3054 801 3218 856; x_wconf 80' lang='lat' dir='ltr'><strong>Opere</strong></span> <span class='ocrx_word' id='word_1_172' title='bbox 3245 785 3361 842; x_wconf 75' lang='lat' dir='ltr'><strong>lucc</strong></span> <span class='ocrx_word' id='word_1_173' title='bbox 3407 803 3435 840; x_wconf 88' lang='lat' dir='ltr'><strong>a</strong></span> <span class='ocrx_word' id='word_1_174' title='bbox 3467 803 3526 844; x_wconf 86' lang='lat' dir='ltr'><strong>se</strong></span> 
     </span>
    </p>
   </div>
   <div class='ocr_carea' id='block_1_22' title="bbox 1947 874 3521 948">
    <p class='ocr_par' dir='ltr' id='par_1_22' title="bbox 1947 874 3521 948">
     <span class='ocr_line' id='line_1_22' title="bbox 1947 874 3521 948; baseline 0.005 -21"><span class='ocrx_word' id='word_1_175' title='bbox 1947 874 2159 928; x_wconf 75' lang='lat' dir='ltr'><strong>diversa</strong></span> <span class='ocrx_word' id='word_1_176' title='bbox 2191 876 2476 930; x_wconf 87' lang='lat' dir='ltr'><strong>videantur</strong></span> <span class='ocrx_word' id='word_1_177' title='bbox 2517 876 2600 931; x_wconf 85' lang='lat' dir='ltr'><strong>vel</strong></span> <span class='ocrx_word' id='word_1_178' title='bbox 2629 879 2869 942; x_wconf 90' lang='lat' dir='ltr'><strong>nomine,</strong></span> <span class='ocrx_word' id='word_1_179' title='bbox 2904 892 2961 930; x_wconf 84' lang='lat' dir='ltr'><strong>re</strong></span> <span class='ocrx_word' id='word_1_180' title='bbox 3002 886 3180 932; x_wconf 80' lang='lat' dir='ltr'><strong>tamen</strong></span> <span class='ocrx_word' id='word_1_181' title='bbox 3215 881 3325 948; x_wconf 87' lang='lat' dir='ltr'><strong>ipsa</strong></span> <span class='ocrx_word' id='word_1_182' title='bbox 3360 897 3521 935; x_wconf 89' lang='lat' dir='ltr'><strong>unum</strong></span> 
     </span>
    </p>
   </div>
   <div class='ocr_carea' id='block_1_23' title="bbox 1948 967 3523 1040">
    <p class='ocr_par' dir='ltr' id='par_1_23' title="bbox 1948 967 3523 1040">
     <span class='ocr_line' id='line_1_23' title="bbox 1948 967 3523 1040; baseline 0.004 -19"><span class='ocrx_word' id='word_1_183' title='bbox 1948 967 2082 1033; x_wconf 86' lang='lat' dir='ltr'><strong>sint;</strong></span> <span class='ocrx_word' id='word_1_184' title='bbox 2117 967 2361 1021; x_wconf 81' lang='lat' dir='ltr'><strong>Christus</strong></span> <span class='ocrx_word' id='word_1_185' title='bbox 2404 969 2546 1022; x_wconf 82' lang='lat' dir='ltr'><strong>enim</strong></span> <span class='ocrx_word' id='word_1_186' title='bbox 2571 971 2679 1022; x_wconf 86' lang='lat' dir='ltr'><strong>vita</strong></span> <span class='ocrx_word' id='word_1_187' title='bbox 2713 978 2816 1034; x_wconf 83' lang='lat' dir='ltr'><strong>est,</strong></span> <span class='ocrx_word' id='word_1_188' title='bbox 2849 979 2902 1023; x_wconf 84' lang='lat' dir='ltr'><strong>et</strong></span> <span class='ocrx_word' id='word_1_189' title='bbox 2946 972 3058 1040; x_wconf 90' lang='lat' dir='ltr'><strong>ipse</strong></span> <span class='ocrx_word' id='word_1_190' title='bbox 3091 981 3174 1026; x_wconf 89' lang='lat' dir='ltr'><strong>est</strong></span> <span class='ocrx_word' id='word_1_191' title='bbox 3204 974 3297 1040; x_wconf 86' lang='lat' dir='ltr'><strong>qui</strong></span> <span class='ocrx_word' id='word_1_192' title='bbox 3325 973 3523 1028; x_wconf 86' lang='lat' dir='ltr'><strong>libera-</strong></span> 
     </span>
    </p>
   </div>
   <div class='ocr_carea' id='block_1_24' title="bbox 1947 1057 3522 1130">
    <p class='ocr_par' dir='ltr' id='par_1_24' title="bbox 1947 1057 3522 1130">
     <span class='ocr_line' id='line_1_24' title="bbox 1947 1057 3522 1130; baseline 0.004 -20"><span class='ocrx_word' id='word_1_193' title='bbox 1947 1057 2043 1120; x_wconf 85' lang='lat' dir='ltr'><strong>bit,</strong></span> <span class='ocrx_word' id='word_1_194' title='bbox 2072 1067 2126 1110; x_wconf 88' lang='lat' dir='ltr'><strong>et</strong></span> <span class='ocrx_word' id='word_1_195' title='bbox 2156 1059 2241 1111; x_wconf 83' lang='lat' dir='ltr'><strong>hic</strong></span> <span class='ocrx_word' id='word_1_196' title='bbox 2273 1058 2507 1127; x_wconf 83' lang='lat' dir='ltr'><strong>Spiritus</strong></span> <span class='ocrx_word' id='word_1_197' title='bbox 2538 1059 2658 1112; x_wconf 58' lang='lat' dir='ltr'><strong>vitte</strong></span> <span class='ocrx_word' id='word_1_198' title='bbox 2683 1059 2893 1112; x_wconf 79' lang='lat' dir='ltr'><strong>liberat.</strong></span> <span class='ocrx_word' id='word_1_199' title='bbox 2925 1061 2990 1114; x_wconf 82' lang='lat' dir='ltr'><strong>Et</strong></span> <span class='ocrx_word' id='word_1_200' title='bbox 3019 1063 3285 1130; x_wconf 85' lang='lat' dir='ltr'><strong>quomodo</strong></span> <span class='ocrx_word' id='word_1_201' title='bbox 3322 1079 3423 1118; x_wconf 90' lang='lat' dir='ltr'><strong>nou</strong></span> <span class='ocrx_word' id='word_1_202' title='bbox 3472 1065 3522 1117; x_wconf 91' lang='lat' dir='ltr'><strong>in</strong></span> 
     </span>
    </p>
   </div>
   <div class='ocr_carea' id='block_1_25' title="bbox 1946 1150 3523 1222">
    <p class='ocr_par' dir='ltr' id='par_1_25' title="bbox 1946 1150 3523 1222">
     <span class='ocr_line' id='line_1_25' title="bbox 1946 1150 3523 1222; baseline 0.004 -21"><span class='ocrx_word' id='word_1_203' title='bbox 1946 1158 2174 1218; x_wconf 87' lang='lat' dir='ltr'><strong>utroque</strong></span> <span class='ocrx_word' id='word_1_204' title='bbox 2223 1165 2329 1202; x_wconf 90' lang='lat' dir='ltr'><strong>una</strong></span> <span class='ocrx_word' id='word_1_205' title='bbox 2365 1150 2584 1204; x_wconf 88' lang='lat' dir='ltr'><strong>libertas</strong></span> <span class='ocrx_word' id='word_1_206' title='bbox 2615 1151 2736 1203; x_wconf 84' lang='lat' dir='ltr'><strong>est?</strong></span> <span class='ocrx_word' id='word_1_207' title='bbox 2768 1151 2896 1216; x_wconf 69' lang='lat' dir='ltr'><strong>Qua:</strong></span> <span class='ocrx_word' id='word_1_208' title='bbox 2925 1153 3067 1204; x_wconf 85' lang='lat' dir='ltr'><strong>enim</strong></span> <span class='ocrx_word' id='word_1_209' title='bbox 3121 1155 3228 1222; x_wconf 87' lang='lat' dir='ltr'><strong>agit</strong></span> <span class='ocrx_word' id='word_1_210' title='bbox 3267 1153 3523 1222; x_wconf 83' lang='lat' dir='ltr'><strong>Spiritus,</strong></span> 
     </span>
    </p>
   </div>
   <div class='ocr_carea' id='block_1_26' title="bbox 1947 1239 3524 1314">
    <p class='ocr_par' dir='ltr' id='par_1_26' title="bbox 1947 1239 3524 1314">
     <span class='ocr_line' id='line_1_26' title="bbox 1947 1239 3524 1314; baseline 0.004 -22"><span class='ocrx_word' id='word_1_211' title='bbox 1947 1239 2061 1293; x_wconf 74' lang='lat' dir='ltr'><strong>haec</strong></span> <span class='ocrx_word' id='word_1_212' title='bbox 2106 1251 2157 1293; x_wconf 86' lang='lat' dir='ltr'><strong>et</strong></span> <span class='ocrx_word' id='word_1_213' title='bbox 2189 1241 2435 1294; x_wconf 85' lang='lat' dir='ltr'><strong>Christus</strong></span> <span class='ocrx_word' id='word_1_214' title='bbox 2478 1242 2605 1310; x_wconf 87' lang='lat' dir='ltr'><strong>agit,</strong></span> <span class='ocrx_word' id='word_1_215' title='bbox 2637 1251 2689 1295; x_wconf 89' lang='lat' dir='ltr'><strong>et</strong></span> <span class='ocrx_word' id='word_1_216' title='bbox 2717 1257 2835 1310; x_wconf 77' lang='lat' dir='ltr'><strong>quae</strong></span> <span class='ocrx_word' id='word_1_217' title='bbox 2885 1242 3086 1296; x_wconf 81' lang='lat' dir='ltr'><strong>Christi</strong></span> <span class='ocrx_word' id='word_1_218' title='bbox 3114 1253 3252 1303; x_wconf 76' lang='lat' dir='ltr'><strong>sunt,</strong></span> <span class='ocrx_word' id='word_1_219' title='bbox 3291 1245 3524 1314; x_wconf 86' lang='lat' dir='ltr'><strong>Spiritus</strong></span> 
     </span>
    </p>
   </div>
   <div class='ocr_carea' id='block_1_27' title="bbox 1947 1333 3525 1407">
    <p class='ocr_par' dir='ltr' id='par_1_27' title="bbox 1947 1333 3525 1407">
     <span class='ocr_line' id='line_1_27' title="bbox 1947 1333 3525 1407; baseline 0.003 -22"><span class='ocrx_word' id='word_1_220' title='bbox 1947 1334 2074 1402; x_wconf 84' lang='lat' dir='ltr'><strong>agit.</strong></span> <span class='ocrx_word' id='word_1_221' title='bbox 2128 1333 2277 1387; x_wconf 88' lang='lat' dir='ltr'><strong>Sicut</strong></span> <span class='ocrx_word' id='word_1_222' title='bbox 2329 1337 2471 1388; x_wconf 89' lang='lat' dir='ltr'><strong>enim</strong></span> <span class='ocrx_word' id='word_1_223' title='bbox 2503 1351 2637 1404; x_wconf 89' lang='lat' dir='ltr'><strong>quos</strong></span> <span class='ocrx_word' id='word_1_224' title='bbox 2687 1336 2991 1389; x_wconf 85' lang='lat' dir='ltr'><strong>sanctiﬁcat</strong></span> <span class='ocrx_word' id='word_1_225' title='bbox 3035 1335 3268 1407; x_wconf 83' lang='lat' dir='ltr'><strong>Spiritus</strong></span> <span class='ocrx_word' id='word_1_226' title='bbox 3305 1346 3525 1390; x_wconf 84' lang='lat' dir='ltr'><strong>sanctus</strong></span> 
     </span>
    </p>
   </div>
   <div class='ocr_carea' id='block_1_28' title="bbox 1947 1425 3524 1496">
    <p class='ocr_par' dir='ltr' id='par_1_28' title="bbox 1947 1425 3524 1496">
     <span class='ocr_line' id='line_1_28' title="bbox 1947 1425 3524 1496; baseline 0.001 -17"><span class='ocrx_word' id='word_1_227' title='bbox 1947 1425 2246 1479; x_wconf 82' lang='lat' dir='ltr'><strong>sanctiﬁcat</strong></span> <span class='ocrx_word' id='word_1_228' title='bbox 2268 1427 2528 1484; x_wconf 80' lang='lat' dir='ltr'><strong>Christus,</strong></span> <span class='ocrx_word' id='word_1_229' title='bbox 2558 1429 2628 1480; x_wconf 88' lang='lat' dir='ltr'><strong>ita</strong></span> <span class='ocrx_word' id='word_1_230' title='bbox 2663 1436 2714 1479; x_wconf 88' lang='lat' dir='ltr'><strong>et</strong></span> <span class='ocrx_word' id='word_1_231' title='bbox 2747 1443 2880 1496; x_wconf 87' lang='lat' dir='ltr'><strong>quos</strong></span> <span class='ocrx_word' id='word_1_232' title='bbox 2906 1426 3100 1480; x_wconf 85' lang='lat' dir='ltr'><strong>liberat</strong></span> <span class='ocrx_word' id='word_1_233' title='bbox 3124 1427 3356 1496; x_wconf 88' lang='lat' dir='ltr'><strong>Spiritus</strong></span> <span class='ocrx_word' id='word_1_234' title='bbox 3379 1429 3524 1494; x_wconf 69' lang='lat' dir='ltr'><strong>vitae,</strong></span> 
     </span>
    </p>
   </div>
   <div class='ocr_carea' id='block_1_29' title="bbox 1947 1516 3524 1587">
    <p class='ocr_par' dir='ltr' id='par_1_29' title="bbox 1947 1516 3524 1587">
     <span class='ocr_line' id='line_1_29' title="bbox 1947 1516 3524 1587; baseline 0.002 -18"><span class='ocrx_word' id='word_1_235' title='bbox 1947 1517 2138 1571; x_wconf 80' lang='lat' dir='ltr'><strong>liberat</strong></span> <span class='ocrx_word' id='word_1_236' title='bbox 2178 1529 2231 1571; x_wconf 89' lang='lat' dir='ltr'><strong>et</strong></span> <span class='ocrx_word' id='word_1_237' title='bbox 2261 1520 2389 1571; x_wconf 86' lang='lat' dir='ltr'><strong>vita.</strong></span> <span class='ocrx_word' id='word_1_238' title='bbox 2425 1518 2654 1572; x_wconf 85' lang='lat' dir='ltr'><strong>Tantum</strong></span> <span class='ocrx_word' id='word_1_239' title='bbox 2711 1528 2814 1582; x_wconf 89' lang='lat' dir='ltr'><strong>est,</strong></span> <span class='ocrx_word' id='word_1_240' title='bbox 2846 1531 2902 1572; x_wconf 88' lang='lat' dir='ltr'><strong>ut</strong></span> <span class='ocrx_word' id='word_1_241' title='bbox 2929 1518 3140 1571; x_wconf 81' lang='lat' dir='ltr'><strong>liberati</strong></span> <span class='ocrx_word' id='word_1_242' title='bbox 3173 1535 3202 1570; x_wconf 87' lang='lat' dir='ltr'><strong>a</strong></span> <span class='ocrx_word' id='word_1_243' title='bbox 3229 1518 3344 1586; x_wconf 82' lang='lat' dir='ltr'><strong>lege</strong></span> <span class='ocrx_word' id='word_1_244' title='bbox 3398 1516 3524 1587; x_wconf 61' lang='lat' dir='ltr'><strong>Spi»</strong></span> 
     </span>
    </p>
   </div>
   <div class='ocr_carea' id='block_1_30' title="bbox 1947 1610 3529 1675">
    <p class='ocr_par' dir='ltr' id='par_1_30' title="bbox 1947 1610 3529 1675">
     <span class='ocr_line' id='line_1_30' title="bbox 1947 1610 3529 1675; baseline 0.003 -13"><span class='ocrx_word' id='word_1_245' title='bbox 1947 1610 2080 1663; x_wconf 71' lang='lat' dir='ltr'><strong>ritus</strong></span> <span class='ocrx_word' id='word_1_246' title='bbox 2113 1611 2237 1663; x_wconf 78' lang='lat' dir='ltr'><strong>vitae</strong></span> <span class='ocrx_word' id='word_1_247' title='bbox 2262 1611 2310 1664; x_wconf 89' lang='lat' dir='ltr'><strong>in</strong></span> <span class='ocrx_word' id='word_1_248' title='bbox 2337 1611 2554 1664; x_wconf 72' lang='lat' dir='ltr'><strong>Christo</strong></span> <span class='ocrx_word' id='word_1_249' title='bbox 2587 1626 2923 1675; x_wconf 85' lang='lat' dir='ltr'><strong>maneamus,</strong></span> <span class='ocrx_word' id='word_1_250' title='bbox 2967 1626 3065 1663; x_wconf 91' lang='lat' dir='ltr'><strong>nec</strong></span> <span class='ocrx_word' id='word_1_251' title='bbox 3093 1611 3232 1663; x_wconf 88' lang='lat' dir='ltr'><strong>ultra</strong></span> <span class='ocrx_word' id='word_1_252' title='bbox 3283 1612 3529 1666; x_wconf 74' lang='lat' dir='ltr'><strong>invenia-</strong></span> 
     </span>
    </p>
   </div>
   <div class='ocr_carea' id='block_1_31' title="bbox 1947 1701 3528 1772">
    <p class='ocr_par' dir='ltr' id='par_1_31' title="bbox 1947 1701 3528 1772">
     <span class='ocr_line' id='line_1_31' title="bbox 1947 1701 3528 1772; baseline 0.003 -20"><span class='ocrx_word' id='word_1_253' title='bbox 1947 1716 2068 1752; x_wconf 86' lang='lat' dir='ltr'><strong>mur</strong></span> <span class='ocrx_word' id='word_1_254' title='bbox 2093 1701 2297 1754; x_wconf 85' lang='lat' dir='ltr'><strong>servire</strong></span> <span class='ocrx_word' id='word_1_255' title='bbox 2346 1701 2446 1771; x_wconf 87' lang='lat' dir='ltr'><strong>legi</strong></span> <span class='ocrx_word' id='word_1_256' title='bbox 2485 1703 2690 1770; x_wconf 85' lang='lat' dir='ltr'><strong>peccati</strong></span> <span class='ocrx_word' id='word_1_257' title='bbox 2733 1702 2822 1770; x_wconf 87' lang='lat' dir='ltr'><strong>qui</strong></span> <span class='ocrx_word' id='word_1_258' title='bbox 2857 1703 2994 1756; x_wconf 88' lang='lat' dir='ltr'><strong>sicut</strong></span> <span class='ocrx_word' id='word_1_259' title='bbox 3026 1702 3070 1755; x_wconf 89' lang='lat' dir='ltr'><strong>is</strong></span> <span class='ocrx_word' id='word_1_260' title='bbox 3116 1703 3206 1772; x_wconf 87' lang='lat' dir='ltr'><strong>qui</strong></span> <span class='ocrx_word' id='word_1_261' title='bbox 3265 1702 3528 1756; x_wconf 82' lang='lat' dir='ltr'><strong>liberatur</strong></span> 
     </span>
    </p>
   </div>
   <div class='ocr_carea' id='block_1_32' title="bbox 1946 1793 3522 1865">
    <p class='ocr_par' dir='ltr' id='par_1_32' title="bbox 1946 1793 3522 1865">
     <span class='ocr_line' id='line_1_32' title="bbox 1946 1793 3522 1865; baseline 0.001 -20"><span class='ocrx_word' id='word_1_262' title='bbox 1946 1807 1974 1845; x_wconf 82' lang='lat' dir='ltr'><strong>a</strong></span> <span class='ocrx_word' id='word_1_263' title='bbox 2008 1793 2122 1864; x_wconf 82' lang='lat' dir='ltr'><strong>lege</strong></span> <span class='ocrx_word' id='word_1_264' title='bbox 2153 1794 2384 1863; x_wconf 82' lang='lat' dir='ltr'><strong>Spiritus</strong></span> <span class='ocrx_word' id='word_1_265' title='bbox 2425 1795 2548 1848; x_wconf 66' lang='lat' dir='ltr'><strong>vitte</strong></span> <span class='ocrx_word' id='word_1_266' title='bbox 2571 1837 2584 1860; x_wconf 95' lang='lat'><strong>,</strong></span> <span class='ocrx_word' id='word_1_267' title='bbox 2636 1806 2918 1864; x_wconf 87' lang='lat' dir='ltr'><strong>permanet</strong></span> <span class='ocrx_word' id='word_1_268' title='bbox 2965 1795 3016 1849; x_wconf 92' lang='lat' dir='ltr'><strong>in</strong></span> <span class='ocrx_word' id='word_1_269' title='bbox 3050 1795 3283 1860; x_wconf 87' lang='lat' dir='ltr'><strong>Christo,</strong></span> <span class='ocrx_word' id='word_1_270' title='bbox 3318 1798 3406 1865; x_wconf 86' lang='lat' dir='ltr'><strong>qui</strong></span> <span class='ocrx_word' id='word_1_271' title='bbox 3439 1804 3522 1850; x_wconf 83' lang='lat' dir='ltr'><strong>est</strong></span> 
     </span>
    </p>
   </div>
   <div class='ocr_carea' id='block_1_33' title="bbox 254 1878 3523 1977">
    <p class='ocr_par' dir='ltr' id='par_1_33' title="bbox 254 1878 3523 1977">
     <span class='ocr_line' id='line_1_33' title="bbox 254 1878 3523 1977; baseline 0.003 -44"><span class='ocrx_word' id='word_1_272' title='bbox 254 1901 365 1938; x_wconf 80' lang='lat' dir='ltr'><strong>non</strong></span> <span class='ocrx_word' id='word_1_273' title='bbox 397 1895 574 1940; x_wconf 77' lang='lat' dir='ltr'><strong>tamen</strong></span> <span class='ocrx_word' id='word_1_274' title='bbox 602 1887 742 1949; x_wconf 61' lang='lat' dir='ltr'><strong>vita},</strong></span> <span class='ocrx_word' id='word_1_275' title='bbox 777 1887 905 1955; x_wconf 75' lang='lat' dir='ltr'><strong>quia</strong></span> <span class='ocrx_word' id='word_1_276' title='bbox 932 1889 1038 1941; x_wconf 82' lang='lat' dir='ltr'><strong>reis</strong></span> <span class='ocrx_word' id='word_1_277' title='bbox 1077 1888 1267 1940; x_wconf 82' lang='lat' dir='ltr'><strong>mortis</strong></span> <span class='ocrx_word' id='word_1_278' title='bbox 1296 1897 1515 1955; x_wconf 73' lang='lat' dir='ltr'><strong>peccata</strong></span> <span class='ocrx_word' id='word_1_279' title='bbox 1565 1889 1838 1943; x_wconf 67' lang='lat' dir='ltr'><strong>remittere</strong></span> <span class='ocrx_word' id='word_1_280' title='bbox 1873 1878 1914 1936; x_wconf 78' lang='grc' dir='ltr'><strong>Β</strong></span> <span class='ocrx_word' id='word_1_281' title='bbox 1942 1885 2050 1935; x_wconf 69' lang='lat' dir='ltr'><strong>Vita</strong></span> <span class='ocrx_word' id='word_1_282' title='bbox 2079 1902 2092 1948; x_wconf 90' lang='lat'><strong>;</strong></span> <span class='ocrx_word' id='word_1_283' title='bbox 2137 1885 2206 1937; x_wconf 85' lang='lat' dir='ltr'><strong>ita</strong></span> <span class='ocrx_word' id='word_1_284' title='bbox 2234 1886 2322 1954; x_wconf 87' lang='lat' dir='ltr'><strong>qui</strong></span> <span class='ocrx_word' id='word_1_285' title='bbox 2366 1886 2531 1939; x_wconf 78' lang='lat' dir='ltr'><strong>servit</strong></span> <span class='ocrx_word' id='word_1_286' title='bbox 2562 1886 2659 1956; x_wconf 88' lang='lat' dir='ltr'><strong>legi</strong></span> <span class='ocrx_word' id='word_1_287' title='bbox 2694 1887 2922 1956; x_wconf 75' lang='lat' dir='ltr'><strong>peccati,</strong></span> <span class='ocrx_word' id='word_1_288' title='bbox 2955 1896 3235 1956; x_wconf 86' lang='lat' dir='ltr'><strong>permanet</strong></span> <span class='ocrx_word' id='word_1_289' title='bbox 3267 1888 3319 1941; x_wconf 82' lang='lat' dir='ltr'><strong>ill</strong></span> <span class='ocrx_word' id='word_1_290' title='bbox 3351 1898 3523 1977; x_wconf 69' lang='lat' dir='ltr'><strong>morte</strong></span> 
     </span>
    </p>
   </div>
   <div class='ocr_carea' id='block_1_34' title="bbox 255 1979 1840 2052">
    <p class='ocr_par' dir='ltr' id='par_1_34' title="bbox 255 1979 1840 2052">
     <span class='ocr_line' id='line_1_34' title="bbox 255 1979 1840 2052; baseline 0.006 -25"><span class='ocrx_word' id='word_1_291' title='bbox 255 1993 367 2031; x_wconf 85' lang='lat' dir='ltr'><strong>non</strong></span> <span class='ocrx_word' id='word_1_292' title='bbox 402 1987 597 2047; x_wconf 86' lang='lat' dir='ltr'><strong>potest,</strong></span> <span class='ocrx_word' id='word_1_293' title='bbox 635 1988 692 2032; x_wconf 91' lang='lat' dir='ltr'><strong>ut</strong></span> <span class='ocrx_word' id='word_1_294' title='bbox 744 1979 974 2034; x_wconf 84' lang='lat' dir='ltr'><strong>viviﬁeet</strong></span> <span class='ocrx_word' id='word_1_295' title='bbox 1010 1981 1318 2033; x_wconf 82' lang='lat' dir='ltr'><strong>morituros.</strong></span> <span class='ocrx_word' id='word_1_296' title='bbox 1357 1981 1480 2035; x_wconf 72' lang='lat' dir='ltr'><strong>Hazc</strong></span> <span class='ocrx_word' id='word_1_297' title='bbox 1511 1997 1684 2046; x_wconf 69' lang='lat' dir='ltr'><strong>rem,-</strong></span> <span class='ocrx_word' id='word_1_298' title='bbox 1714 1985 1840 2052; x_wconf 89' lang='lat' dir='ltr'><strong>quia</strong></span> 
     </span>
    </p>
   </div>
   <div class='ocr_carea' id='block_1_35' title="bbox 252 2071 1841 2142">
    <p class='ocr_par' dir='ltr' id='par_1_35' title="bbox 252 2071 1841 2142">
     <span class='ocr_line' id='line_1_35' title="bbox 252 2071 1841 2142; baseline 0.003 -19"><span class='ocrx_word' id='word_1_299' title='bbox 252 2078 309 2123; x_wconf 84' lang='lat' dir='ltr'><strong>et</strong></span> <span class='ocrx_word' id='word_1_300' title='bbox 331 2086 557 2140; x_wconf 79' lang='lat' dir='ltr'><strong>peccare</strong></span> <span class='ocrx_word' id='word_1_301' title='bbox 585 2087 690 2124; x_wconf 74' lang='lat' dir='ltr'><strong>non</strong></span> <span class='ocrx_word' id='word_1_302' title='bbox 716 2071 847 2136; x_wconf 84' lang='lat' dir='ltr'><strong>vult,</strong></span> <span class='ocrx_word' id='word_1_303' title='bbox 879 2082 930 2125; x_wconf 91' lang='lat' dir='ltr'><strong>et</strong></span> <span class='ocrx_word' id='word_1_304' title='bbox 955 2089 982 2124; x_wconf 88' lang='lat' dir='ltr'><strong>a</strong></span> <span class='ocrx_word' id='word_1_305' title='bbox 1018 2083 1192 2126; x_wconf 63' lang='lat' dir='ltr'><strong>morte&quot;</strong></span> <span class='ocrx_word' id='word_1_306' title='bbox 1219 2083 1454 2138; x_wconf 82' lang='lat' dir='ltr'><strong>revocat,</strong></span> <span class='ocrx_word' id='word_1_307' title='bbox 1489 2074 1570 2126; x_wconf 86' lang='lat' dir='ltr'><strong>lex</strong></span> <span class='ocrx_word' id='word_1_308' title='bbox 1619 2075 1841 2142; x_wconf 87' lang='lat' dir='ltr'><strong>spiritus</strong></span> 
     </span>
    </p>
   </div>
   <div class='ocr_carea' id='block_1_36' title="bbox 250 2163 1841 2236">
    <p class='ocr_par' dir='ltr' id='par_1_36' title="bbox 250 2163 1841 2236">
     <span class='ocr_line' id='line_1_36' title="bbox 250 2163 1841 2236; baseline 0.004 -21"><span class='ocrx_word' id='word_1_309' title='bbox 250 2163 380 2216; x_wconf 71' lang='lat' dir='ltr'><strong>vita:</strong></span> <span class='ocrx_word' id='word_1_310' title='bbox 412 2164 734 2233; x_wconf 82' lang='lat' dir='ltr'><strong>appellatur,</strong></span> <span class='ocrx_word' id='word_1_311' title='bbox 783 2181 890 2218; x_wconf 87' lang='lat' dir='ltr'><strong>non</strong></span> <span class='ocrx_word' id='word_1_312' title='bbox 917 2181 1014 2233; x_wconf 88' lang='lat' dir='ltr'><strong>per</strong></span> <span class='ocrx_word' id='word_1_313' title='bbox 1055 2166 1288 2219; x_wconf 84' lang='lat' dir='ltr'><strong>litteram</strong></span> <span class='ocrx_word' id='word_1_314' title='bbox 1321 2177 1594 2232; x_wconf 87' lang='lat' dir='ltr'><strong>constans,</strong></span> <span class='ocrx_word' id='word_1_315' title='bbox 1630 2169 1720 2221; x_wconf 88' lang='lat' dir='ltr'><strong>sed</strong></span> <span class='ocrx_word' id='word_1_316' title='bbox 1745 2183 1841 2236; x_wconf 89' lang='lat' dir='ltr'><strong>per</strong></span> 
     </span>
    </p>
   </div>
   <div class='ocr_carea' id='block_1_37' title="bbox 250 2254 1841 2329">
    <p class='ocr_par' dir='ltr' id='par_1_37' title="bbox 250 2254 1841 2329">
     <span class='ocr_line' id='line_1_37' title="bbox 250 2254 1841 2329; baseline 0.003 -21"><span class='ocrx_word' id='word_1_317' title='bbox 250 2254 524 2324; x_wconf 78' lang='lat' dir='ltr'><strong>spiritum,</strong></span> <span class='ocrx_word' id='word_1_318' title='bbox 543 2256 665 2326; x_wconf 84' lang='lat' dir='ltr'><strong>quia</strong></span> <span class='ocrx_word' id='word_1_319' title='bbox 688 2258 851 2310; x_wconf 84' lang='lat' dir='ltr'><strong>corde</strong></span> <span class='ocrx_word' id='word_1_320' title='bbox 873 2257 1196 2321; x_wconf 78' lang='lat' dir='ltr'><strong>creditur,et</strong></span> <span class='ocrx_word' id='word_1_321' title='bbox 1218 2259 1438 2328; x_wconf 85' lang='lat' dir='ltr'><strong>spiritus</strong></span> <span class='ocrx_word' id='word_1_322' title='bbox 1461 2268 1539 2312; x_wconf 91' lang='lat' dir='ltr'><strong>cst</strong></span> <span class='ocrx_word' id='word_1_323' title='bbox 1560 2261 1700 2329; x_wconf 88' lang='lat' dir='ltr'><strong>quod</strong></span> <span class='ocrx_word' id='word_1_324' title='bbox 1725 2276 1841 2313; x_wconf 89' lang='lat' dir='ltr'><strong>cre-</strong></span> 
     </span>
    </p>
   </div>
   <div class='ocr_carea' id='block_1_38' title="bbox 249 2343 1838 2418">
    <p class='ocr_par' dir='ltr' id='par_1_38' title="bbox 249 2343 1838 2418">
     <span class='ocr_line' id='line_1_38' title="bbox 249 2343 1838 2418; baseline 0.005 -22"><span class='ocrx_word' id='word_1_325' title='bbox 249 2343 418 2398; x_wconf 85' lang='lat' dir='ltr'><strong>ditur.</strong></span> <span class='ocrx_word' id='word_1_326' title='bbox 438 2343 562 2398; x_wconf 83' lang='lat' dir='ltr'><strong>l]:ec</strong></span> <span class='ocrx_word' id='word_1_327' title='bbox 582 2346 760 2415; x_wconf 78' lang='lat' dir='ltr'><strong>itaque</strong></span> <span class='ocrx_word' id='word_1_328' title='bbox 777 2346 859 2400; x_wconf 68' lang='lat' dir='ltr'><strong>lex</strong></span> <span class='ocrx_word' id='word_1_329' title='bbox 885 2348 934 2399; x_wconf 92' lang='lat' dir='ltr'><strong>in</strong></span> <span class='ocrx_word' id='word_1_330' title='bbox 951 2347 1165 2401; x_wconf 80' lang='lat' dir='ltr'><strong>Christo</strong></span> <span class='ocrx_word' id='word_1_331' title='bbox 1180 2346 1328 2412; x_wconf 83' lang='lat' dir='ltr'><strong>Jesu,</strong></span> <span class='ocrx_word' id='word_1_332' title='bbox 1345 2351 1444 2402; x_wconf 91' lang='lat' dir='ltr'><strong>hoc</strong></span> <span class='ocrx_word' id='word_1_333' title='bbox 1466 2359 1548 2404; x_wconf 88' lang='lat' dir='ltr'><strong>est</strong></span> <span class='ocrx_word' id='word_1_334' title='bbox 1573 2366 1665 2418; x_wconf 87' lang='lat' dir='ltr'><strong>per</strong></span> <span class='ocrx_word' id='word_1_335' title='bbox 1682 2349 1838 2404; x_wconf 75' lang='lat' dir='ltr'><strong>ﬁdem</strong></span> 
     </span>
    </p>
   </div>
   <div class='ocr_carea' id='block_1_39' title="bbox 246 2433 1835 2507">
    <p class='ocr_par' dir='ltr' id='par_1_39' title="bbox 246 2433 1835 2507">
     <span class='ocr_line' id='line_1_39' title="bbox 246 2433 1835 2507; baseline 0.004 -19"><span class='ocrx_word' id='word_1_336' title='bbox 246 2433 476 2497; x_wconf 85' lang='lat' dir='ltr'><strong>Christi,</strong></span> <span class='ocrx_word' id='word_1_337' title='bbox 520 2435 709 2488; x_wconf 81' lang='lat' dir='ltr'><strong>liberat</strong></span> <span class='ocrx_word' id='word_1_338' title='bbox 747 2437 1052 2492; x_wconf 86' lang='lat' dir='ltr'><strong>credentem</strong></span> <span class='ocrx_word' id='word_1_339' title='bbox 1087 2452 1116 2489; x_wconf 88' lang='lat' dir='ltr'><strong>a</strong></span> <span class='ocrx_word' id='word_1_340' title='bbox 1142 2437 1256 2506; x_wconf 77' lang='lat' dir='ltr'><strong>lege</strong></span> <span class='ocrx_word' id='word_1_341' title='bbox 1302 2440 1512 2507; x_wconf 80' lang='lat' dir='ltr'><strong>peccati</strong></span> <span class='ocrx_word' id='word_1_342' title='bbox 1540 2448 1593 2492; x_wconf 82' lang='lat' dir='ltr'><strong>et</strong></span> <span class='ocrx_word' id='word_1_343' title='bbox 1626 2441 1835 2494; x_wconf 90' lang='lat' dir='ltr'><strong>mortis.</strong></span> 
     </span>
    </p>
   </div>
   <div class='ocr_carea' id='block_1_40' title="bbox 246 2523 1840 2598">
    <p class='ocr_par' dir='ltr' id='par_1_40' title="bbox 246 2523 1840 2598">
     <span class='ocr_line' id='line_1_40' title="bbox 246 2523 1840 2598; baseline 0.006 -23"><span class='ocrx_word' id='word_1_344' title='bbox 246 2523 359 2576; x_wconf 89' lang='lat' dir='ltr'><strong>Lex</strong></span> <span class='ocrx_word' id='word_1_345' title='bbox 388 2525 591 2591; x_wconf 82' lang='lat' dir='ltr'><strong>peccati</strong></span> <span class='ocrx_word' id='word_1_346' title='bbox 614 2534 714 2589; x_wconf 89' lang='lat' dir='ltr'><strong>est,</strong></span> <span class='ocrx_word' id='word_1_347' title='bbox 742 2541 900 2594; x_wconf 89' lang='lat' dir='ltr'><strong>quam</strong></span> <span class='ocrx_word' id='word_1_348' title='bbox 921 2528 972 2579; x_wconf 92' lang='lat' dir='ltr'><strong>in</strong></span> <span class='ocrx_word' id='word_1_349' title='bbox 1001 2527 1257 2581; x_wconf 78' lang='lat' dir='ltr'><strong>membris</strong></span> <span class='ocrx_word' id='word_1_350' title='bbox 1283 2528 1413 2581; x_wconf 82' lang='lat' dir='ltr'><strong>dicit</strong></span> <span class='ocrx_word' id='word_1_351' title='bbox 1436 2530 1700 2594; x_wconf 79' lang='lat' dir='ltr'><strong>habitare,</strong></span> <span class='ocrx_word' id='word_1_352' title='bbox 1722 2545 1840 2598; x_wconf 83' lang='lat' dir='ltr'><strong>qme</strong></span> 
     </span>
    </p>
   </div>
   <div class='ocr_carea' id='block_1_41' title="bbox 246 2615 1839 2690">
    <p class='ocr_par' dir='ltr' id='par_1_41' title="bbox 246 2615 1839 2690">
     <span class='ocr_line' id='line_1_41' title="bbox 246 2615 1839 2690; baseline 0.005 -22"><span class='ocrx_word' id='word_1_353' title='bbox 246 2616 480 2668; x_wconf 67' lang='lat' dir='ltr'><strong>euadere</strong></span> <span class='ocrx_word' id='word_1_354' title='bbox 503 2615 692 2669; x_wconf 80' lang='lat' dir='ltr'><strong>nititur</strong></span> <span class='ocrx_word' id='word_1_355' title='bbox 721 2617 950 2670; x_wconf 77' lang='lat' dir='ltr'><strong>adversa</strong></span> <span class='ocrx_word' id='word_1_356' title='bbox 981 2631 994 2669; x_wconf 91' lang='lat'><strong>:</strong></span> <span class='ocrx_word' id='word_1_357' title='bbox 1030 2617 1114 2669; x_wconf 85' lang='lat' dir='ltr'><strong>lex</strong></span> <span class='ocrx_word' id='word_1_358' title='bbox 1147 2633 1274 2671; x_wconf 59' lang='grc' dir='ltr'>ναι-ο</span> <span class='ocrx_word' id='word_1_359' title='bbox 1324 2620 1513 2672; x_wconf 86' lang='lat' dir='ltr'><strong>mortis</strong></span> <span class='ocrx_word' id='word_1_360' title='bbox 1560 2619 1724 2690; x_wconf 84' lang='lat' dir='ltr'><strong>Moysi</strong></span> <span class='ocrx_word' id='word_1_361' title='bbox 1757 2621 1839 2676; x_wconf 79' lang='lat' dir='ltr'><strong>lex</strong></span> 
     </span>
    </p>
   </div>
   <div class='ocr_carea' id='block_1_42' title="bbox 245 2709 1835 2784">
    <p class='ocr_par' dir='ltr' id='par_1_42' title="bbox 245 2709 1835 2784">
     <span class='ocr_line' id='line_1_42' title="bbox 245 2709 1835 2784; baseline 0.004 -22"><span class='ocrx_word' id='word_1_362' title='bbox 245 2716 359 2771; x_wconf 83' lang='lat' dir='ltr'><strong>est,</strong></span> <span class='ocrx_word' id='word_1_363' title='bbox 375 2709 498 2776; x_wconf 79' lang='lat' dir='ltr'><strong>quia</strong></span> <span class='ocrx_word' id='word_1_364' title='bbox 519 2709 802 2764; x_wconf 77' lang='lat' dir='ltr'><strong>mortiﬁcat</strong></span> <span class='ocrx_word' id='word_1_365' title='bbox 817 2720 1144 2779; x_wconf 78' lang='lat' dir='ltr'><strong>peccatores.</strong></span> <span class='ocrx_word' id='word_1_366' title='bbox 1165 2711 1295 2765; x_wconf 83' lang='lat' dir='ltr'><strong>Nam</strong></span> <span class='ocrx_word' id='word_1_367' title='bbox 1320 2722 1372 2766; x_wconf 88' lang='lat' dir='ltr'><strong>et</strong></span> <span class='ocrx_word' id='word_1_368' title='bbox 1396 2714 1446 2766; x_wconf 88' lang='lat' dir='ltr'><strong>in</strong></span> <span class='ocrx_word' id='word_1_369' title='bbox 1473 2716 1574 2768; x_wconf 89' lang='lat' dir='ltr'><strong>alia</strong></span> <span class='ocrx_word' id='word_1_370' title='bbox 1597 2716 1835 2784; x_wconf 83' lang='lat' dir='ltr'><strong>Epistola</strong></span> 
     </span>
    </p>
   </div>
   <div class='ocr_carea' id='block_1_43' title="bbox 247 2802 1827 2876">
    <p class='ocr_par' dir='ltr' id='par_1_43' title="bbox 247 2802 1827 2876">
     <span class='ocr_line' id='line_1_43' title="bbox 247 2802 1827 2876; baseline 0.004 -21"><span class='ocrx_word' id='word_1_371' title='bbox 247 2802 395 2855; x_wconf 84' lang='lat' dir='ltr'><strong>inter</strong></span> <span class='ocrx_word' id='word_1_372' title='bbox 425 2810 618 2855; x_wconf 69' lang='lat' dir='ltr'><strong>caetera</strong></span> <span class='ocrx_word' id='word_1_373' title='bbox 650 2803 780 2857; x_wconf 79' lang='lat' dir='ltr'><strong>dicit</strong></span> <span class='ocrx_word' id='word_1_374' title='bbox 806 2805 870 2856; x_wconf 92' lang='lat' dir='ltr'><strong>de</strong></span> <span class='ocrx_word' id='word_1_375' title='bbox 900 2807 1217 2859; x_wconf 82' lang='lat' dir='ltr'><strong>auctoritate</strong></span> <span class='ocrx_word' id='word_1_376' title='bbox 1241 2807 1404 2876; x_wconf 85' lang='lat' dir='ltr'><strong>legis:</strong></span> <span class='ocrx_word' id='word_1_377' title='bbox 1432 2807 1487 2860; x_wconf 86' lang='lat' dir='ltr'><strong>Si</strong></span> <span class='ocrx_word' id='word_1_378' title='bbox 1517 2810 1827 2862; x_wconf 82' lang='lat' dir='ltr'><strong>ministratio</strong></span> 
     </span>
    </p>
   </div>
   <div class='ocr_carea' id='block_1_44' title="bbox 244 2888 1833 2968">
    <p class='ocr_par' dir='ltr' id='par_1_44' title="bbox 244 2888 1833 2968">
     <span class='ocr_line' id='line_1_44' title="bbox 244 2888 1833 2968; baseline 0.004 -21"><span class='ocrx_word' id='word_1_379' title='bbox 244 2895 432 2947; x_wconf 73' lang='lat' dir='ltr'><strong>mortis</strong></span> <span class='ocrx_word' id='word_1_380' title='bbox 454 2894 679 2962; x_wconf 73' lang='lat' dir='ltr'><strong>formata</strong></span> <span class='ocrx_word' id='word_1_381' title='bbox 699 2896 756 2948; x_wconf 81' lang='lat' dir='ltr'><strong>in</strong></span> <span class='ocrx_word' id='word_1_382' title='bbox 776 2894 1035 2964; x_wconf 72' lang='lat' dir='ltr'><strong>lapidibus</strong></span> <span class='ocrx_word' id='word_1_383' title='bbox 1058 2895 1156 2964; x_wconf 77' lang='lat' dir='ltr'><strong>fuit</strong></span> <span class='ocrx_word' id='word_1_384' title='bbox 1174 2899 1226 2950; x_wconf 87' lang='lat' dir='ltr'><strong>in</strong></span> <span class='ocrx_word' id='word_1_385' title='bbox 1260 2898 1449 2967; x_wconf 83' lang='lat' dir='ltr'><strong>gloria,</strong></span> <span class='ocrx_word' id='word_1_386' title='bbox 1474 2908 1577 2952; x_wconf 84' lang='lat' dir='ltr'><strong>etc.</strong></span> <span class='ocrx_word' id='word_1_387' title='bbox 1603 2898 1691 2968; x_wconf 83' lang='lat' dir='ltr'><strong>(II</strong></span> <span class='ocrx_word' id='word_1_388' title='bbox 1711 2888 1833 2954; x_wconf 52' lang='lat' dir='ltr'><strong>Cor:</strong></span> 
     </span>
    </p>
   </div>
   <div class='ocr_carea' id='block_1_45' title="bbox 244 2989 1840 3064">
    <p class='ocr_par' dir='ltr' id='par_1_45' title="bbox 244 2989 1840 3064">
     <span class='ocr_line' id='line_1_45' title="bbox 244 2989 1840 3064; baseline 0.003 -20"><span class='ocrx_word' id='word_1_389' title='bbox 244 2990 356 3060; x_wconf 77' lang='lat' dir='ltr'><strong>ni).</strong></span> <span class='ocrx_word' id='word_1_390' title='bbox 382 2989 496 3044; x_wconf 83' lang='lat' dir='ltr'><strong>Non</strong></span> <span class='ocrx_word' id='word_1_391' title='bbox 525 3006 656 3061; x_wconf 76' lang='lat' dir='ltr'><strong>ergo</strong></span> <span class='ocrx_word' id='word_1_392' title='bbox 683 2991 1005 3054; x_wconf 86' lang='lat' dir='ltr'><strong>mirandum,</strong></span> <span class='ocrx_word' id='word_1_393' title='bbox 1042 2993 1084 3046; x_wconf 91' lang='lat' dir='ltr'><strong>si</strong></span> <span class='ocrx_word' id='word_1_394' title='bbox 1119 2992 1197 3044; x_wconf 85' lang='lat' dir='ltr'><strong>lex</strong></span> <span class='ocrx_word' id='word_1_395' title='bbox 1229 2993 1488 3064; x_wconf 82' lang='lat' dir='ltr'><strong>Spiritalis</strong></span> <span class='ocrx_word' id='word_1_396' title='bbox 1529 2995 1742 3047; x_wconf 88' lang='lat' dir='ltr'><strong>dicatur</strong></span> <span class='ocrx_word' id='word_1_397' title='bbox 1785 3003 1840 3048; x_wconf 91' lang='lat' dir='ltr'><strong>et</strong></span> 
     </span>
    </p>
   </div>
   <div class='ocr_carea' id='block_1_46' title="bbox 241 3082 1839 3154">
    <p class='ocr_par' dir='ltr' id='par_1_46' title="bbox 241 3082 1839 3154">
     <span class='ocr_line' id='line_1_46' title="bbox 241 3082 1839 3154; baseline 0.002 -18"><span class='ocrx_word' id='word_1_398' title='bbox 241 3082 330 3136; x_wconf 77' lang='lat' dir='ltr'><strong>lex</strong></span> <span class='ocrx_word' id='word_1_399' title='bbox 357 3085 560 3146; x_wconf 75' lang='lat' dir='ltr'><strong>mortis,</strong></span> <span class='ocrx_word' id='word_1_400' title='bbox 589 3098 714 3136; x_wconf 81' lang='lat' dir='ltr'><strong>cum</strong></span> <span class='ocrx_word' id='word_1_401' title='bbox 734 3091 785 3136; x_wconf 80' lang='lat' dir='ltr'><strong>et</strong></span> <span class='ocrx_word' id='word_1_402' title='bbox 812 3082 1153 3154; x_wconf 77' lang='lat' dir='ltr'><strong>Evangeliqu</strong></span> <span class='ocrx_word' id='word_1_403' title='bbox 1186 3086 1372 3138; x_wconf 88' lang='lat' dir='ltr'><strong>eodem</strong></span> <span class='ocrx_word' id='word_1_404' title='bbox 1401 3086 1558 3139; x_wconf 90' lang='lat' dir='ltr'><strong>modo</strong></span> <span class='ocrx_word' id='word_1_405' title='bbox 1583 3089 1672 3139; x_wconf 87' lang='lat' dir='ltr'><strong>sit.</strong></span> <span class='ocrx_word' id='word_1_406' title='bbox 1699 3085 1839 3140; x_wconf 91' lang='lat' dir='ltr'><strong>Dicit</strong></span> 
     </span>
    </p>
   </div>
   <div class='ocr_carea' id='block_1_47' title="bbox 240 3174 1833 3238">
    <p class='ocr_par' dir='ltr' id='par_1_47' title="bbox 240 3174 1833 3238">
     <span class='ocr_line' id='line_1_47' title="bbox 240 3174 1833 3238; baseline 0.003 -9"><span class='ocrx_word' id='word_1_407' title='bbox 240 3176 396 3230; x_wconf 84' lang='lat' dir='ltr'><strong>enim</strong></span> <span class='ocrx_word' id='word_1_408' title='bbox 446 3175 550 3228; x_wconf 82' lang='lat' dir='ltr'><strong>alio</strong></span> <span class='ocrx_word' id='word_1_409' title='bbox 599 3174 716 3228; x_wconf 89' lang='lat' dir='ltr'><strong>loco</strong></span> <span class='ocrx_word' id='word_1_410' title='bbox 744 3216 756 3238; x_wconf 93' lang='lat'><strong>,</strong></span> <span class='ocrx_word' id='word_1_411' title='bbox 809 3176 951 3229; x_wconf 87' lang='lat' dir='ltr'><strong>inter</strong></span> <span class='ocrx_word' id='word_1_412' title='bbox 995 3185 1233 3229; x_wconf 65' lang='lat' dir='ltr'><strong>caetera:</strong></span> <span class='ocrx_word' id='word_1_413' title='bbox 1274 3176 1406 3230; x_wconf 77' lang='lat' dir='ltr'><strong>Aliis</strong></span> <span class='ocrx_word' id='word_1_414' title='bbox 1452 3179 1583 3231; x_wconf 80' lang='lat' dir='ltr'><strong>odor</strong></span> <span class='ocrx_word' id='word_1_415' title='bbox 1632 3180 1750 3232; x_wconf 72' lang='lat' dir='ltr'><strong>vim</strong></span> <span class='ocrx_word' id='word_1_416' title='bbox 1779 3179 1833 3233; x_wconf 84' lang='lat' dir='ltr'><strong>in</strong></span> 
     </span>
    </p>
   </div>
   <div class='ocr_carea' id='block_1_48' title="bbox 241 3238 1912 3339">
    <p class='ocr_par' dir='ltr' id='par_1_48' title="bbox 241 3238 1912 3339">
     <span class='ocr_line' id='line_1_48' title="bbox 241 3238 1912 3339; baseline 0.001 -17"><span class='ocrx_word' id='word_1_417' title='bbox 241 3271 429 3330; x_wconf 75' lang='lat' dir='ltr'><strong>vitam,</strong></span> <span class='ocrx_word' id='word_1_418' title='bbox 455 3266 574 3318; x_wconf 83' lang='lat' dir='ltr'><strong>aliis</strong></span> <span class='ocrx_word' id='word_1_419' title='bbox 606 3267 735 3318; x_wconf 86' lang='lat' dir='ltr'><strong>odor</strong></span> <span class='ocrx_word' id='word_1_420' title='bbox 765 3268 946 3318; x_wconf 87' lang='lat' dir='ltr'><strong>mortis</strong></span> <span class='ocrx_word' id='word_1_421' title='bbox 989 3267 1042 3318; x_wconf 86' lang='lat' dir='ltr'><strong>in</strong></span> <span class='ocrx_word' id='word_1_422' title='bbox 1069 3277 1286 3320; x_wconf 74' lang='lat' dir='ltr'><strong>mortem</strong></span> <span class='ocrx_word' id='word_1_423' title='bbox 1312 3267 1396 3338; x_wconf 86' lang='lat' dir='ltr'><strong>(II</strong></span> <span class='ocrx_word' id='word_1_424' title='bbox 1423 3268 1545 3322; x_wconf 85' lang='lat' dir='ltr'><strong>Cor.</strong></span> <span class='ocrx_word' id='word_1_425' title='bbox 1572 3270 1654 3339; x_wconf 84' lang='lat' dir='ltr'><strong>ii).</strong></span> <span class='ocrx_word' id='word_1_426' title='bbox 1685 3271 1830 3338; x_wconf 83' lang='lat' dir='ltr'><strong>Quos</strong></span> <span class='ocrx_word' id='word_1_427' title='bbox 1859 3238 1912 3300; x_wconf 78' lang='lat' dir='ltr'>C</span> 
     </span>
    </p>
   </div>
   <div class='ocr_carea' id='block_1_49' title="bbox 241 3359 1834 3428">
    <p class='ocr_par' dir='ltr' id='par_1_49' title="bbox 241 3359 1834 3428">
     <span class='ocr_line' id='line_1_49' title="bbox 241 3359 1834 3428; baseline 0.001 -14"><span class='ocrx_word' id='word_1_428' title='bbox 241 3361 388 3415; x_wconf 86' lang='lat' dir='ltr'><strong>enim</strong></span> <span class='ocrx_word' id='word_1_429' title='bbox 411 3359 593 3426; x_wconf 89' lang='lat' dir='ltr'><strong>opinio</strong></span> <span class='ocrx_word' id='word_1_430' title='bbox 623 3361 880 3412; x_wconf 75' lang='lat' dir='ltr'><strong>virtutum</strong></span> <span class='ocrx_word' id='word_1_431' title='bbox 921 3369 1013 3412; x_wconf 83' lang='lat' dir='ltr'><strong>aut</strong></span> <span class='ocrx_word' id='word_1_432' title='bbox 1041 3376 1218 3414; x_wconf 85' lang='lat' dir='ltr'><strong>rerum</strong></span> <span class='ocrx_word' id='word_1_433' title='bbox 1246 3373 1520 3428; x_wconf 79' lang='lat' dir='ltr'><strong>gestarum</strong></span> <span class='ocrx_word' id='word_1_434' title='bbox 1570 3365 1717 3418; x_wconf 82' lang='lat' dir='ltr'><strong>visus</strong></span> <span class='ocrx_word' id='word_1_435' title='bbox 1740 3373 1834 3418; x_wconf 87' lang='lat' dir='ltr'><strong>aut</strong></span> 
     </span>
    </p>
   </div>
   <div class='ocr_carea' id='block_1_50' title="bbox 245 3451 1835 3517">
    <p class='ocr_par' dir='ltr' id='par_1_50' title="bbox 245 3451 1835 3517">
     <span class='ocr_line' id='line_1_50' title="bbox 245 3451 1835 3517; baseline 0.003 -11"><span class='ocrx_word' id='word_1_436' title='bbox 245 3451 464 3506; x_wconf 77' lang='lat' dir='ltr'><strong>auditus</strong></span> <span class='ocrx_word' id='word_1_437' title='bbox 503 3451 810 3504; x_wconf 68' lang='lat' dir='ltr'><strong>attraheba&#39;t</strong></span> <span class='ocrx_word' id='word_1_438' title='bbox 862 3452 929 3504; x_wconf 88' lang='lat' dir='ltr'><strong>ad</strong></span> <span class='ocrx_word' id='word_1_439' title='bbox 974 3453 1128 3505; x_wconf 86' lang='lat' dir='ltr'><strong>fidem</strong></span> <span class='ocrx_word' id='word_1_440' title='bbox 1158 3495 1171 3517; x_wconf 93' lang='lat'><strong>,</strong></span> <span class='ocrx_word' id='word_1_441' title='bbox 1231 3453 1320 3506; x_wconf 82' lang='lat' dir='ltr'><strong>his</strong></span> <span class='ocrx_word' id='word_1_442' title='bbox 1362 3457 1497 3507; x_wconf 77' lang='lat' dir='ltr'><strong>odor</strong></span> <span class='ocrx_word' id='word_1_443' title='bbox 1551 3455 1671 3510; x_wconf 70' lang='lat' dir='ltr'><strong>vitze</strong></span> <span class='ocrx_word' id='word_1_444' title='bbox 1718 3465 1835 3510; x_wconf 86' lang='lat' dir='ltr'><strong>erat</strong></span> 
     </span>
    </p>
   </div>
   <div class='ocr_carea' id='block_1_51' title="bbox 245 3538 1835 3610">
    <p class='ocr_par' dir='ltr' id='par_1_51' title="bbox 245 3538 1835 3610">
     <span class='ocr_line' id='line_1_51' title="bbox 245 3538 1835 3610; baseline 0.003 -16"><span class='ocrx_word' id='word_1_445' title='bbox 245 3538 596 3608; x_wconf 77' lang='lat' dir='ltr'><strong>Evangelium</strong></span> <span class='ocrx_word' id='word_1_446' title='bbox 629 3558 640 3590; x_wconf 91' lang='lat'>:</span> <span class='ocrx_word' id='word_1_447' title='bbox 669 3539 774 3592; x_wconf 82' lang='lat' dir='ltr'><strong>illis</strong></span> <span class='ocrx_word' id='word_1_448' title='bbox 817 3548 993 3592; x_wconf 86' lang='lat' dir='ltr'><strong>autem</strong></span> <span class='ocrx_word' id='word_1_449' title='bbox 1024 3558 1250 3610; x_wconf 86' lang='lat' dir='ltr'><strong>quorum</strong></span> <span class='ocrx_word' id='word_1_450' title='bbox 1281 3560 1496 3597; x_wconf 79' lang='lat' dir='ltr'><strong>sensum</strong></span> <span class='ocrx_word' id='word_1_451' title='bbox 1535 3545 1835 3599; x_wconf 83' lang='lat' dir='ltr'><strong>inﬂamma-</strong></span> 
     </span>
    </p>
   </div>
   <div class='ocr_carea' id='block_1_52' title="bbox 246 3629 1835 3700">
    <p class='ocr_par' dir='ltr' id='par_1_52' title="bbox 246 3629 1835 3700">
     <span class='ocr_line' id='line_1_52' title="bbox 246 3629 1835 3700; baseline 0.004 -16"><span class='ocrx_word' id='word_1_452' title='bbox 246 3631 342 3684; x_wconf 83' lang='lat' dir='ltr'><strong>bat</strong></span> <span class='ocrx_word' id='word_1_453' title='bbox 395 3629 535 3684; x_wconf 79' lang='lat' dir='ltr'><strong>facta</strong></span> <span class='ocrx_word' id='word_1_454' title='bbox 583 3632 754 3683; x_wconf 81' lang='lat' dir='ltr'><strong>virtus</strong></span> <span class='ocrx_word' id='word_1_455' title='bbox 803 3629 868 3683; x_wconf 89' lang='lat' dir='ltr'><strong>ad</strong></span> <span class='ocrx_word' id='word_1_456' title='bbox 923 3632 1439 3700; x_wconf 83' lang='lat' dir='ltr'><strong>contradieemlum,</strong></span> <span class='ocrx_word' id='word_1_457' title='bbox 1488 3638 1674 3691; x_wconf 86' lang='lat' dir='ltr'><strong>mortis</strong></span> <span class='ocrx_word' id='word_1_458' title='bbox 1718 3645 1835 3690; x_wconf 90' lang='lat' dir='ltr'><strong>erat</strong></span> 
     </span>
    </p>
   </div>
   <div class='ocr_carea' id='block_1_53' title="bbox 247 3721 1828 3795">
    <p class='ocr_par' dir='ltr' id='par_1_53' title="bbox 247 3721 1828 3795">
     <span class='ocr_line' id='line_1_53' title="bbox 247 3721 1828 3795; baseline 0.005 -19"><span class='ocrx_word' id='word_1_459' title='bbox 247 3724 382 3778; x_wconf 82' lang='lat' dir='ltr'><strong>odor</strong></span> <span class='ocrx_word' id='word_1_460' title='bbox 432 3721 746 3792; x_wconf 60' lang='lat' dir='ltr'><strong>praedicatio</strong></span> <span class='ocrx_word' id='word_1_461' title='bbox 793 3723 936 3776; x_wconf 87' lang='lat' dir='ltr'><strong>ﬁdei.</strong></span> <span class='ocrx_word' id='word_1_462' title='bbox 1003 3723 1115 3777; x_wconf 83' lang='lat' dir='ltr'><strong>Una</strong></span> <span class='ocrx_word' id='word_1_463' title='bbox 1189 3741 1316 3795; x_wconf 85' lang='lat' dir='ltr'><strong>ergo</strong></span> <span class='ocrx_word' id='word_1_464' title='bbox 1383 3744 1504 3780; x_wconf 57' lang='lat' dir='ltr'><strong>eam</strong></span> <span class='ocrx_word' id='word_1_465' title='bbox 1553 3729 1622 3781; x_wconf 88' lang='lat' dir='ltr'><strong>sit</strong></span> <span class='ocrx_word' id='word_1_466' title='bbox 1673 3727 1828 3795; x_wconf 85' lang='lat' dir='ltr'><strong>ﬁdes,</strong></span> 
     </span>
    </p>
   </div>
   <div class='ocr_carea' id='block_1_54' title="bbox 248 3813 1834 3881">
    <p class='ocr_par' dir='ltr' id='par_1_54' title="bbox 248 3813 1834 3881">
     <span class='ocr_line' id='line_1_54' title="bbox 248 3813 1834 3881; baseline 0.004 -15"><span class='ocrx_word' id='word_1_467' title='bbox 248 3813 614 3867; x_wconf 83' lang='lat' dir='ltr'><strong>diversitatem</strong></span> <span class='ocrx_word' id='word_1_468' title='bbox 644 3822 860 3881; x_wconf 68' lang='lat' dir='ltr'><strong>praestat</strong></span> <span class='ocrx_word' id='word_1_469' title='bbox 891 3813 1219 3879; x_wconf 80' lang='lat' dir='ltr'><strong>hominibus,</strong></span> <span class='ocrx_word' id='word_1_470' title='bbox 1253 3817 1391 3870; x_wconf 83' lang='lat' dir='ltr'><strong>sicut</strong></span> <span class='ocrx_word' id='word_1_471' title='bbox 1427 3828 1480 3871; x_wconf 89' lang='lat' dir='ltr'><strong>et</strong></span> <span class='ocrx_word' id='word_1_472' title='bbox 1505 3819 1580 3870; x_wconf 88' lang='lat' dir='ltr'><strong>sol</strong></span> <span class='ocrx_word' id='word_1_473' title='bbox 1614 3836 1733 3873; x_wconf 91' lang='lat' dir='ltr'><strong>cum</strong></span> <span class='ocrx_word' id='word_1_474' title='bbox 1765 3821 1834 3873; x_wconf 88' lang='lat' dir='ltr'><strong>sit</strong></span> 
     </span>
    </p>
   </div>
   <div class='ocr_carea' id='block_1_55' title="bbox 251 3903 1834 3979">
    <p class='ocr_par' dir='ltr' id='par_1_55' title="bbox 251 3903 1834 3979">
     <span class='ocr_line' id='line_1_55' title="bbox 251 3903 1834 3979; baseline 0.004 -21"><span class='ocrx_word' id='word_1_475' title='bbox 251 3920 407 3967; x_wconf 70' lang='lat' dir='ltr'><strong>unus,</strong></span> <span class='ocrx_word' id='word_1_476' title='bbox 439 3917 618 3958; x_wconf 85' lang='lat' dir='ltr'><strong>ceram</strong></span> <span class='ocrx_word' id='word_1_477' title='bbox 651 3905 827 3966; x_wconf 87' lang='lat' dir='ltr'><strong>solvit,</strong></span> <span class='ocrx_word' id='word_1_478' title='bbox 875 3903 1044 3957; x_wconf 86' lang='lat' dir='ltr'><strong>lutum</strong></span> <span class='ocrx_word' id='word_1_479' title='bbox 1099 3906 1308 3975; x_wconf 83' lang='lat' dir='ltr'><strong>stringit</strong></span> <span class='ocrx_word' id='word_1_480' title='bbox 1340 3926 1351 3960; x_wconf 91' lang='lat'><strong>:</strong></span> <span class='ocrx_word' id='word_1_481' title='bbox 1390 3925 1491 3976; x_wconf 90' lang='lat' dir='ltr'><strong>qua</strong></span> <span class='ocrx_word' id='word_1_482' title='bbox 1527 3926 1656 3979; x_wconf 79' lang='lat' dir='ltr'><strong>ergo</strong></span> <span class='ocrx_word' id='word_1_483' title='bbox 1713 3912 1834 3978; x_wconf 87' lang='lat' dir='ltr'><strong>quis</strong></span> 
     </span>
    </p>
   </div>
   <div class='ocr_carea' id='block_1_56' title="bbox 250 3995 1832 4068">
    <p class='ocr_par' dir='ltr' id='par_1_56' title="bbox 250 3995 1832 4068">
     <span class='ocr_line' id='line_1_56' title="bbox 250 3995 1832 4068; baseline 0.001 -15"><span class='ocrx_word' id='word_1_484' title='bbox 250 3997 431 4053; x_wconf 74' lang='lat' dir='ltr'><strong>mente</strong></span> <span class='ocrx_word' id='word_1_485' title='bbox 480 4000 736 4050; x_wconf 78' lang='lat' dir='ltr'><strong>odoratus</strong></span> <span class='ocrx_word' id='word_1_486' title='bbox 783 3996 944 4049; x_wconf 76' lang='lat' dir='ltr'><strong>fuerit</strong></span> <span class='ocrx_word' id='word_1_487' title='bbox 975 3995 1152 4061; x_wconf 83' lang='lat' dir='ltr'><strong>fidem,</strong></span> <span class='ocrx_word' id='word_1_488' title='bbox 1193 4001 1269 4051; x_wconf 84' lang='lat' dir='ltr'><strong>sic</strong></span> <span class='ocrx_word' id='word_1_489' title='bbox 1305 4000 1546 4068; x_wconf 34' lang='lat' dir='ltr'><strong>proﬁciet,</strong></span> <span class='ocrx_word' id='word_1_490' title='bbox 1581 4002 1673 4054; x_wconf 78' lang='lat' dir='ltr'><strong>illi.</strong></span> <span class='ocrx_word' id='word_1_491' title='bbox 1726 4001 1832 4055; x_wconf 87' lang='lat' dir='ltr'><strong>Sed</strong></span> 
     </span>
    </p>
   </div>
   <div class='ocr_carea' id='block_1_57' title="bbox 199 4087 1828 4162">
    <p class='ocr_par' dir='ltr' id='par_1_57' title="bbox 199 4087 1828 4162">
     <span class='ocr_line' id='line_1_57' title="bbox 199 4087 1828 4162; baseline 0.002 -19"><span class='ocrx_word' id='word_1_492' title='bbox 199 4104 219 4121; x_wconf 77' lang='grc'><strong><em>⁸</em></strong></span> <span class='ocrx_word' id='word_1_493' title='bbox 249 4091 462 4144; x_wconf 82' lang='lat' dir='ltr'><strong>dicetur</strong></span> <span class='ocrx_word' id='word_1_494' title='bbox 481 4089 650 4142; x_wconf 67' lang='lat' dir='ltr'><strong>forte:</strong></span> <span class='ocrx_word' id='word_1_495' title='bbox 689 4087 744 4141; x_wconf 90' lang='lat' dir='ltr'><strong>Si</strong></span> <span class='ocrx_word' id='word_1_496' title='bbox 775 4088 963 4140; x_wconf 81' lang='lat' dir='ltr'><strong>eadem</strong></span> <span class='ocrx_word' id='word_1_497' title='bbox 1007 4099 1227 4156; x_wconf 78' lang='lat' dir='ltr'><strong>praestat</strong></span> <span class='ocrx_word' id='word_1_498' title='bbox 1276 4092 1404 4146; x_wconf 86' lang='lat' dir='ltr'><strong>ﬁdes</strong></span> <span class='ocrx_word' id='word_1_499' title='bbox 1455 4095 1572 4162; x_wconf 71' lang='lat' dir='ltr'><strong>(put?</strong></span> <span class='ocrx_word' id='word_1_500' title='bbox 1621 4103 1674 4147; x_wconf 93' lang='lat' dir='ltr'><strong>et</strong></span> <span class='ocrx_word' id='word_1_501' title='bbox 1723 4094 1828 4158; x_wconf 86' lang='lat' dir='ltr'><strong>lex,</strong></span> 
     </span>
    </p>
   </div>
   <div class='ocr_carea' id='block_1_58' title="bbox 249 4180 1826 4250">
    <p class='ocr_par' dir='ltr' id='par_1_58' title="bbox 249 4180 1826 4250">
     <span class='ocr_line' id='line_1_58' title="bbox 249 4180 1826 4250; baseline 0 -14"><span class='ocrx_word' id='word_1_502' title='bbox 249 4197 345 4236; x_wconf 89' lang='lat' dir='ltr'><strong>cur</strong></span> <span class='ocrx_word' id='word_1_503' title='bbox 396 4195 498 4234; x_wconf 87' lang='lat' dir='ltr'><strong>non</strong></span> <span class='ocrx_word' id='word_1_504' title='bbox 541 4180 704 4233; x_wconf 91' lang='lat' dir='ltr'><strong>etiam</strong></span> <span class='ocrx_word' id='word_1_505' title='bbox 750 4181 863 4248; x_wconf 81' lang='lat' dir='ltr'><strong>ipsa</strong></span> <span class='ocrx_word' id='word_1_506' title='bbox 904 4194 967 4233; x_wconf 75' lang='lat' dir='ltr'><strong>ex</strong></span> <span class='ocrx_word' id='word_1_507' title='bbox 1000 4188 1152 4248; x_wconf 88' lang='lat' dir='ltr'><strong>parte</strong></span> <span class='ocrx_word' id='word_1_508' title='bbox 1190 4182 1272 4235; x_wconf 72' lang='lat' dir='ltr'><strong>lex</strong></span> <span class='ocrx_word' id='word_1_509' title='bbox 1303 4185 1306 4188; x_wconf 73' lang='grc'><strong>”</strong></span> <span class='ocrx_word' id='word_1_510' title='bbox 1333 4184 1522 4236; x_wconf 88' lang='lat' dir='ltr'><strong>mortis</strong></span> <span class='ocrx_word' id='word_1_511' title='bbox 1571 4185 1826 4250; x_wconf 83' lang='lat' dir='ltr'><strong>dicatur;</strong></span> 
     </span>
    </p>
   </div>
   <div class='ocr_carea' id='block_1_59' title="bbox 249 4275 1828 4344">
    <p class='ocr_par' dir='ltr' id='par_1_59' title="bbox 249 4275 1828 4344">
     <span class='ocr_line' id='line_1_59' title="bbox 249 4275 1828 4344; baseline 0.003 -16"><span class='ocrx_word' id='word_1_512' title='bbox 249 4275 538 4328; x_wconf 69' lang='lat' dir='ltr'><strong>inortiﬁcat</strong></span> <span class='ocrx_word' id='word_1_513' title='bbox 586 4275 726 4328; x_wconf 89' lang='lat' dir='ltr'><strong>enim</strong></span> <span class='ocrx_word' id='word_1_514' title='bbox 762 4287 870 4327; x_wconf 88' lang='lat' dir='ltr'><strong>non</strong></span> <span class='ocrx_word' id='word_1_515' title='bbox 919 4275 1242 4333; x_wconf 81' lang='lat' dir='ltr'><strong>credentes?</strong></span> <span class='ocrx_word' id='word_1_516' title='bbox 1282 4275 1384 4330; x_wconf 86' lang='lat' dir='ltr'><strong>Sed</strong></span> <span class='ocrx_word' id='word_1_517' title='bbox 1434 4294 1536 4330; x_wconf 91' lang='lat' dir='ltr'><strong>non</strong></span> <span class='ocrx_word' id='word_1_518' title='bbox 1589 4279 1658 4331; x_wconf 86' lang='lat' dir='ltr'><strong>ita</strong></span> <span class='ocrx_word' id='word_1_519' title='bbox 1707 4288 1786 4332; x_wconf 89' lang='lat' dir='ltr'><strong>cst</strong></span> <span class='ocrx_word' id='word_1_520' title='bbox 1815 4297 1828 4344; x_wconf 13' lang='lat' dir='ltr'><strong>:V</strong></span> 
     </span>
    </p>
   </div>
   <div class='ocr_carea' id='block_1_60' title="bbox 253 4361 1828 4437">
    <p class='ocr_par' dir='ltr' id='par_1_60' title="bbox 253 4361 1828 4437">
     <span class='ocr_line' id='line_1_60' title="bbox 253 4361 1828 4437; baseline 0.005 -21"><span class='ocrx_word' id='word_1_521' title='bbox 253 4361 382 4416; x_wconf 82' lang='lat' dir='ltr'><strong>ﬁdes</strong></span> <span class='ocrx_word' id='word_1_522' title='bbox 426 4365 568 4417; x_wconf 80' lang='lat' dir='ltr'><strong>enim</strong></span> <span class='ocrx_word' id='word_1_523' title='bbox 617 4365 738 4418; x_wconf 87' lang='lat' dir='ltr'><strong>data</strong></span> <span class='ocrx_word' id='word_1_524' title='bbox 783 4371 885 4431; x_wconf 85' lang='lat' dir='ltr'><strong>est,</strong></span> <span class='ocrx_word' id='word_1_525' title='bbox 914 4366 1314 4436; x_wconf 68' lang='lat' dir='ltr'><strong>qumjustiﬁcat</strong></span> <span class='ocrx_word' id='word_1_526' title='bbox 1343 4369 1715 4437; x_wconf 75' lang='lat' dir='ltr'><strong>confugientes</strong></span> <span class='ocrx_word' id='word_1_527' title='bbox 1760 4371 1828 4424; x_wconf 81' lang='lat' dir='ltr'><strong>ad</strong></span> 
     </span>
    </p>
   </div>
   <div class='ocr_carea' id='block_1_61' title="bbox 251 4452 1828 4531">
    <p class='ocr_par' dir='ltr' id='par_1_61' title="bbox 251 4452 1828 4531">
     <span class='ocr_line' id='line_1_61' title="bbox 251 4452 1828 4531; baseline 0.004 -24"><span class='ocrx_word' id='word_1_528' title='bbox 251 4471 329 4516; x_wconf 87' lang='lat' dir='ltr'><strong>se,</strong></span> <span class='ocrx_word' id='word_1_529' title='bbox 359 4464 418 4507; x_wconf 86' lang='lat' dir='ltr'><strong>ut</strong></span> <span class='ocrx_word' id='word_1_530' title='bbox 468 4457 707 4510; x_wconf 83' lang='lat' dir='ltr'><strong>remittat</strong></span> <span class='ocrx_word' id='word_1_531' title='bbox 751 4459 828 4513; x_wconf 81' lang='lat' dir='ltr'><strong>eis</strong></span> <span class='ocrx_word' id='word_1_532' title='bbox 864 4477 998 4529; x_wconf 65' lang='lat' dir='ltr'><strong>(pios</strong></span> <span class='ocrx_word' id='word_1_533' title='bbox 1045 4452 1127 4512; x_wconf 75' lang='lat' dir='ltr'><strong>lex</strong></span> <span class='ocrx_word' id='word_1_534' title='bbox 1174 4468 1318 4513; x_wconf 87' lang='lat' dir='ltr'><strong>tenet</strong></span> <span class='ocrx_word' id='word_1_535' title='bbox 1349 4475 1485 4526; x_wconf 82' lang='lat' dir='ltr'><strong>reos,</strong></span> <span class='ocrx_word' id='word_1_536' title='bbox 1521 4467 1578 4514; x_wconf 86' lang='lat' dir='ltr'><strong>ut</strong></span> <span class='ocrx_word' id='word_1_537' title='bbox 1609 4469 1828 4531; x_wconf 85' lang='lat' dir='ltr'><strong>agentes</strong></span> 
     </span>
    </p>
   </div>
   <div class='ocr_carea' id='block_1_62' title="bbox 252 4547 1829 4622">
    <p class='ocr_par' dir='ltr' id='par_1_62' title="bbox 252 4547 1829 4622">
     <span class='ocr_line' id='line_1_62' title="bbox 252 4547 1829 4622; baseline 0.003 -22"><span class='ocrx_word' id='word_1_538' title='bbox 252 4547 349 4601; x_wconf 87' lang='lat' dir='ltr'><strong>sub</strong></span> <span class='ocrx_word' id='word_1_539' title='bbox 386 4548 489 4600; x_wconf 82' lang='lat' dir='ltr'><strong>ﬁde</strong></span> <span class='ocrx_word' id='word_1_540' title='bbox 511 4548 664 4602; x_wconf 87' lang='lat' dir='ltr'><strong>liberi</strong></span> <span class='ocrx_word' id='word_1_541' title='bbox 696 4550 802 4602; x_wconf 87' lang='lat' dir='ltr'><strong>sint</strong></span> <span class='ocrx_word' id='word_1_542' title='bbox 825 4557 869 4604; x_wconf 80' lang='lat' dir='ltr'><strong>&#39;a</strong></span> <span class='ocrx_word' id='word_1_543' title='bbox 902 4561 1152 4619; x_wconf 77' lang='lat' dir='ltr'><strong>peccato:</strong></span> <span class='ocrx_word' id='word_1_544' title='bbox 1189 4566 1308 4604; x_wconf 88' lang='lat' dir='ltr'><strong>nam</strong></span> <span class='ocrx_word' id='word_1_545' title='bbox 1337 4552 1434 4604; x_wconf 90' lang='lat' dir='ltr'><strong>sub</strong></span> <span class='ocrx_word' id='word_1_546' title='bbox 1464 4551 1581 4619; x_wconf 75' lang='lat' dir='ltr'><strong>lege</strong></span> <span class='ocrx_word' id='word_1_547' title='bbox 1606 4555 1829 4622; x_wconf 79' lang='lat' dir='ltr'><strong>agentes</strong></span> 
     </span>
    </p>
   </div>
   <div class='ocr_carea' id='block_1_63' title="bbox 250 4636 1831 4710">
    <p class='ocr_par' dir='ltr' id='par_1_63' title="bbox 250 4636 1831 4710">
     <span class='ocr_line' id='line_1_63' title="bbox 250 4636 1831 4710; baseline 0.004 -19"><span class='ocrx_word' id='word_1_548' title='bbox 250 4636 461 4691; x_wconf 83' lang='lat' dir='ltr'><strong>obnoxii</strong></span> <span class='ocrx_word' id='word_1_549' title='bbox 487 4648 650 4691; x_wconf 78' lang='lat' dir='ltr'><strong>sunt.</strong></span> <span class='ocrx_word' id='word_1_550' title='bbox 683 4639 786 4706; x_wconf 79' lang='lat' dir='ltr'><strong>Qui</strong></span> <span class='ocrx_word' id='word_1_551' title='bbox 811 4657 940 4710; x_wconf 87' lang='lat' dir='ltr'><strong>ergo</strong></span> <span class='ocrx_word' id='word_1_552' title='bbox 973 4659 1074 4695; x_wconf 89' lang='lat' dir='ltr'><strong>non</strong></span> <span class='ocrx_word' id='word_1_553' title='bbox 1104 4643 1359 4695; x_wconf 74' lang='lat' dir='ltr'><strong>olwdiunt</strong></span> <span class='ocrx_word' id='word_1_554' title='bbox 1387 4641 1530 4706; x_wconf 80' lang='lat' dir='ltr'><strong>ﬁdei,</strong></span> <span class='ocrx_word' id='word_1_555' title='bbox 1559 4659 1658 4695; x_wconf 92' lang='lat' dir='ltr'><strong>non</strong></span> <span class='ocrx_word' id='word_1_556' title='bbox 1686 4645 1831 4697; x_wconf 89' lang='lat' dir='ltr'><strong>occi-</strong></span> 
     </span>
    </p>
   </div>
   <div class='ocr_carea' id='block_1_64' title="bbox 250 4727 1827 4803">
    <p class='ocr_par' dir='ltr' id='par_1_64' title="bbox 250 4727 1827 4803">
     <span class='ocr_line' id='line_1_64' title="bbox 250 4727 1827 4803; baseline 0.003 -22"><span class='ocrx_word' id='word_1_557' title='bbox 250 4727 440 4781; x_wconf 79' lang='lat' dir='ltr'><strong>dcutn-r</strong></span> <span class='ocrx_word' id='word_1_558' title='bbox 465 4745 492 4780; x_wconf 89' lang='lat' dir='ltr'><strong>a</strong></span> <span class='ocrx_word' id='word_1_559' title='bbox 527 4728 650 4792; x_wconf 85' lang='lat' dir='ltr'><strong>ﬁde,</strong></span> <span class='ocrx_word' id='word_1_560' title='bbox 679 4732 778 4783; x_wconf 87' lang='lat' dir='ltr'><strong>sub</strong></span> <span class='ocrx_word' id='word_1_561' title='bbox 807 4731 920 4801; x_wconf 82' lang='lat' dir='ltr'><strong>lege</strong></span> <span class='ocrx_word' id='word_1_562' title='bbox 953 4731 1068 4801; x_wconf 71' lang='lat' dir='ltr'><strong>[sed</strong></span> <span class='ocrx_word' id='word_1_563' title='bbox 1091 4743 1120 4784; x_wconf 84' lang='lat' dir='ltr'><strong>&#39;a</strong></span> <span class='ocrx_word' id='word_1_564' title='bbox 1165 4729 1329 4803; x_wconf 68' lang='lat' dir='ltr'><strong>lege],</strong></span> <span class='ocrx_word' id='word_1_565' title='bbox 1361 4733 1484 4801; x_wconf 86' lang='lat' dir='ltr'><strong>quia</strong></span> <span class='ocrx_word' id='word_1_566' title='bbox 1519 4747 1622 4785; x_wconf 89' lang='lat' dir='ltr'><strong>non</strong></span> <span class='ocrx_word' id='word_1_567' title='bbox 1673 4748 1827 4785; x_wconf 86' lang='lat' dir='ltr'><strong>acce-</strong></span> 
     </span>
    </p>
   </div>
   <div class='ocr_carea' id='block_1_65' title="bbox 252 4819 1827 4893">
    <p class='ocr_par' dir='ltr' id='par_1_65' title="bbox 252 4819 1827 4893">
     <span class='ocr_line' id='line_1_65' title="bbox 252 4819 1827 4893; baseline 0.003 -21"><span class='ocrx_word' id='word_1_568' title='bbox 252 4819 435 4872; x_wconf 84' lang='lat' dir='ltr'><strong>dentes</strong></span> <span class='ocrx_word' id='word_1_569' title='bbox 459 4821 521 4870; x_wconf 86' lang='lat' dir='ltr'><strong>ad</strong></span> <span class='ocrx_word' id='word_1_570' title='bbox 553 4820 734 4885; x_wconf 82' lang='lat' dir='ltr'><strong>ﬁdem,</strong></span> <span class='ocrx_word' id='word_1_571' title='bbox 770 4824 842 4875; x_wconf 88' lang='lat' dir='ltr'><strong>rei</strong></span> <span class='ocrx_word' id='word_1_572' title='bbox 871 4832 1120 4877; x_wconf 81' lang='lat' dir='ltr'><strong>tenentur</strong></span> <span class='ocrx_word' id='word_1_573' title='bbox 1145 4841 1171 4876; x_wconf 90' lang='lat' dir='ltr'><strong>a</strong></span> <span class='ocrx_word' id='word_1_574' title='bbox 1201 4827 1346 4893; x_wconf 83' lang='lat' dir='ltr'><strong>lege:</strong></span> <span class='ocrx_word' id='word_1_575' title='bbox 1381 4825 1606 4892; x_wconf 83' lang='lat' dir='ltr'><strong>ideoque</strong></span> <span class='ocrx_word' id='word_1_576' title='bbox 1641 4839 1827 4878; x_wconf 85' lang='lat' dir='ltr'><strong>omnes</strong></span> 
     </span>
    </p>
   </div>
   <div class='ocr_carea' id='block_1_66' title="bbox 253 4913 1824 4982">
    <p class='ocr_par' dir='ltr' id='par_1_66' title="bbox 253 4913 1824 4982">
     <span class='ocr_line' id='line_1_66' title="bbox 253 4913 1824 4982; baseline 0.005 -17"><span class='ocrx_word' id='word_1_577' title='bbox 253 4913 336 4981; x_wconf 88' lang='lat' dir='ltr'><strong>qui</strong></span> <span class='ocrx_word' id='word_1_578' title='bbox 368 4915 505 4967; x_wconf 85' lang='lat' dir='ltr'><strong>malo</strong></span> <span class='ocrx_word' id='word_1_579' title='bbox 549 4917 728 4969; x_wconf 82' lang='lat' dir='ltr'><strong>animo</strong></span> <span class='ocrx_word' id='word_1_580' title='bbox 754 4918 1046 4970; x_wconf 84' lang='lat' dir='ltr'><strong>odorantur</strong></span> <span class='ocrx_word' id='word_1_581' title='bbox 1100 4921 1260 4973; x_wconf 85' lang='lat' dir='ltr'><strong>verba</strong></span> <span class='ocrx_word' id='word_1_582' title='bbox 1292 4920 1320 4971; x_wconf 84' lang='lat' dir='ltr'><strong>li</strong></span> <span class='ocrx_word' id='word_1_583' title='bbox 1348 4920 1432 4982; x_wconf 81' lang='lat' dir='ltr'><strong>‘ei,</strong></span> <span class='ocrx_word' id='word_1_584' title='bbox 1468 4929 1745 4973; x_wconf 79' lang='lat' dir='ltr'><strong>remanent</strong></span> <span class='ocrx_word' id='word_1_585' title='bbox 1775 4921 1824 4973; x_wconf 91' lang='lat' dir='ltr'><strong>in</strong></span> 
     </span>
    </p>
   </div>
   <div class='ocr_carea' id='block_1_67' title="bbox 253 5003 1828 5076">
    <p class='ocr_par' dir='ltr' id='par_1_67' title="bbox 253 5003 1828 5076">
     <span class='ocr_line' id='line_1_67' title="bbox 253 5003 1828 5076; baseline 0.004 -20"><span class='ocrx_word' id='word_1_586' title='bbox 253 5013 438 5057; x_wconf 83' lang='lat' dir='ltr'><strong>morte.</strong></span> <span class='ocrx_word' id='word_1_587' title='bbox 484 5003 772 5059; x_wconf 80' lang='lat' dir='ltr'><strong>Videamus</strong></span> <span class='ocrx_word' id='word_1_588' title='bbox 822 5023 960 5059; x_wconf 87' lang='lat' dir='ltr'><strong>nunc</strong></span> <span class='ocrx_word' id='word_1_589' title='bbox 1010 5009 1142 5076; x_wconf 82' lang='lat' dir='ltr'><strong>quid</strong></span> <span class='ocrx_word' id='word_1_590' title='bbox 1171 5011 1396 5073; x_wconf 82' lang='lat' dir='ltr'><strong>intersit,</strong></span> <span class='ocrx_word' id='word_1_591' title='bbox 1456 5026 1575 5063; x_wconf 88' lang='lat' dir='ltr'><strong>cum</strong></span> <span class='ocrx_word' id='word_1_592' title='bbox 1632 5012 1828 5064; x_wconf 82' lang='lat' dir='ltr'><strong>dicitur</strong></span> 
     </span>
    </p>
   </div>
   <div class='ocr_carea' id='block_1_68' title="bbox 256 5097 1820 5170">
    <p class='ocr_par' dir='ltr' id='par_1_68' title="bbox 256 5097 1820 5170">
     <span class='ocr_line' id='line_1_68' title="bbox 256 5097 1820 5170; baseline 0.003 -21"><span class='ocrx_word' id='word_1_593' title='bbox 256 5097 331 5149; x_wconf 79' lang='lat' dir='ltr'><strong>lex</strong></span> <span class='ocrx_word' id='word_1_594' title='bbox 381 5098 637 5164; x_wconf 84' lang='lat' dir='ltr'><strong>spiritalis</strong></span> <span class='ocrx_word' id='word_1_595' title='bbox 701 5106 754 5152; x_wconf 86' lang='lat' dir='ltr'><strong>et</strong></span> <span class='ocrx_word' id='word_1_596' title='bbox 809 5100 887 5152; x_wconf 77' lang='lat' dir='ltr'><strong>lex</strong></span> <span class='ocrx_word' id='word_1_597' title='bbox 940 5101 1176 5169; x_wconf 86' lang='lat' dir='ltr'><strong>spiritus.</strong></span> <span class='ocrx_word' id='word_1_598' title='bbox 1233 5101 1341 5154; x_wconf 81' lang='lat' dir='ltr'><strong>Hoc.</strong></span> <span class='ocrx_word' id='word_1_599' title='bbox 1395 5104 1653 5167; x_wconf 80' lang='lat' dir='ltr'><strong>interest,</strong></span> <span class='ocrx_word' id='word_1_600' title='bbox 1701 5105 1820 5170; x_wconf 81' lang='lat' dir='ltr'><strong>quia</strong></span> 
     </span>
    </p>
   </div>
   <div class='ocr_carea' id='block_1_69' title="bbox 257 5184 1827 5258">
    <p class='ocr_par' dir='ltr' id='par_1_69' title="bbox 257 5184 1827 5258">
     <span class='ocr_line' id='line_1_69' title="bbox 257 5184 1827 5258; baseline 0.004 -22"><span class='ocrx_word' id='word_1_601' title='bbox 257 5184 450 5236; x_wconf 85' lang='lat' dir='ltr'><strong>ideirco</strong></span> <span class='ocrx_word' id='word_1_602' title='bbox 491 5187 684 5241; x_wconf 80' lang='lat' dir='ltr'><strong>dicitur</strong></span> <span class='ocrx_word' id='word_1_603' title='bbox 711 5187 791 5241; x_wconf 83' lang='lat' dir='ltr'><strong>lex</strong></span> <span class='ocrx_word' id='word_1_604' title='bbox 838 5187 1112 5256; x_wconf 83' lang='lat' dir='ltr'><strong>spiritalis,</strong></span> <span class='ocrx_word' id='word_1_605' title='bbox 1149 5190 1270 5256; x_wconf 88' lang='lat' dir='ltr'><strong>quia</strong></span> <span class='ocrx_word' id='word_1_606' title='bbox 1298 5198 1560 5257; x_wconf 75' lang='lat' dir='ltr'><strong>pra-cepta</strong></span> <span class='ocrx_word' id='word_1_607' title='bbox 1588 5191 1697 5251; x_wconf 86' lang='lat' dir='ltr'><strong>dat,</strong></span> <span class='ocrx_word' id='word_1_608' title='bbox 1733 5207 1827 5258; x_wconf 89' lang='lat' dir='ltr'><strong>per</strong></span> 
     </span>
    </p>
   </div>
   <div class='ocr_carea' id='block_1_70' title="bbox 259 5278 1825 5346">
    <p class='ocr_par' dir='ltr' id='par_1_70' title="bbox 259 5278 1825 5346">
     <span class='ocr_line' id='line_1_70' title="bbox 259 5278 1825 5346; baseline 0.007 -23"><span class='ocrx_word' id='word_1_609' title='bbox 259 5289 368 5342; x_wconf 66' lang='lat' dir='ltr'><strong>quae</strong></span> <span class='ocrx_word' id='word_1_610' title='bbox 426 5281 526 5327; x_wconf 73' lang='lat' dir='ltr'><strong>neu</strong></span> <span class='ocrx_word' id='word_1_611' title='bbox 579 5287 850 5344; x_wconf 81' lang='lat' dir='ltr'><strong>peccetur,</strong></span> <span class='ocrx_word' id='word_1_612' title='bbox 887 5279 1009 5346; x_wconf 85' lang='lat' dir='ltr'><strong>quia</strong></span> <span class='ocrx_word' id='word_1_613' title='bbox 1065 5278 1152 5346; x_wconf 88' lang='lat' dir='ltr'><strong>qui</strong></span> <span class='ocrx_word' id='word_1_614' title='bbox 1189 5294 1293 5330; x_wconf 87' lang='lat' dir='ltr'><strong>non</strong></span> <span class='ocrx_word' id='word_1_615' title='bbox 1338 5287 1525 5346; x_wconf 81' lang='lat' dir='ltr'><strong>peccat</strong></span> <span class='ocrx_word' id='word_1_616' title='bbox 1567 5281 1825 5346; x_wconf 85' lang='lat' dir='ltr'><strong>spiritalis</strong></span> 
     </span>
    </p>
   </div>
   <div class='ocr_carea' id='block_1_71' title="bbox 259 5369 1821 5439">
    <p class='ocr_par' dir='ltr' id='par_1_71' title="bbox 259 5369 1821 5439">
     <span class='ocr_line' id='line_1_71' title="bbox 259 5369 1821 5439; baseline 0.008 -25"><span class='ocrx_word' id='word_1_617' title='bbox 259 5374 475 5417; x_wconf 68' lang='lat' dir='ltr'><strong>vocatur</strong></span> <span class='ocrx_word' id='word_1_618' title='bbox 497 5407 510 5428; x_wconf 97' lang='lat'><strong>,</strong></span> <span class='ocrx_word' id='word_1_619' title='bbox 537 5370 760 5423; x_wconf 55' lang='lat' dir='ltr'><strong>aemulus</strong></span> <span class='ocrx_word' id='word_1_620' title='bbox 783 5371 1124 5439; x_wconf 69' lang='lat' dir='ltr'><strong>superiorum</strong></span> <span class='ocrx_word' id='word_1_621' title='bbox 1153 5369 1472 5424; x_wconf 81' lang='lat' dir='ltr'><strong>cmlestium.</strong></span> <span class='ocrx_word' id='word_1_622' title='bbox 1508 5370 1613 5423; x_wconf 81' lang='lat' dir='ltr'><strong>Lex</strong></span> <span class='ocrx_word' id='word_1_623' title='bbox 1644 5379 1821 5425; x_wconf 87' lang='lat' dir='ltr'><strong>autem</strong></span> 
     </span>
    </p>
   </div>
   <div class='ocr_carea' id='block_1_72' title="bbox 258 5455 1824 5530">
    <p class='ocr_par' dir='ltr' id='par_1_72' title="bbox 258 5455 1824 5530">
     <span class='ocr_line' id='line_1_72' title="bbox 258 5455 1824 5530; baseline 0.006 -22"><span class='ocrx_word' id='word_1_624' title='bbox 258 5455 468 5524; x_wconf 74' lang='lat' dir='ltr'><strong>Spiritus</strong></span> <span class='ocrx_word' id='word_1_625' title='bbox 511 5467 789 5525; x_wconf 84' lang='lat' dir='ltr'><strong>propterea</strong></span> <span class='ocrx_word' id='word_1_626' title='bbox 837 5470 1077 5525; x_wconf 74' lang='lat' dir='ltr'><strong>meatur,</strong></span> <span class='ocrx_word' id='word_1_627' title='bbox 1104 5462 1226 5530; x_wconf 77' lang='lat' dir='ltr'><strong>quia</strong></span> <span class='ocrx_word' id='word_1_628' title='bbox 1280 5463 1436 5523; x_wconf 82' lang='lat' dir='ltr'><strong>Deus,</strong></span> <span class='ocrx_word' id='word_1_629' title='bbox 1493 5463 1642 5529; x_wconf 86' lang='lat' dir='ltr'><strong>cujus</strong></span> <span class='ocrx_word' id='word_1_630' title='bbox 1692 5462 1824 5517; x_wconf 87' lang='lat' dir='ltr'><strong>ﬁdes</strong></span> 
     </span>
    </p>
   </div>
   <div class='ocr_carea' id='block_1_73' title="bbox 261 5548 1822 5622">
    <p class='ocr_par' dir='ltr' id='par_1_73' title="bbox 261 5548 1822 5622">
     <span class='ocr_line' id='line_1_73' title="bbox 261 5548 1822 5622; baseline 0.007 -27"><span class='ocrx_word' id='word_1_631' title='bbox 261 5553 377 5607; x_wconf 86' lang='lat' dir='ltr'><strong>est,</strong></span> <span class='ocrx_word' id='word_1_632' title='bbox 431 5548 648 5615; x_wconf 81' lang='lat' dir='ltr'><strong>spiritus</strong></span> <span class='ocrx_word' id='word_1_633' title='bbox 677 5557 790 5602; x_wconf 82' lang='lat' dir='ltr'><strong>est:</strong></span> <span class='ocrx_word' id='word_1_634' title='bbox 837 5551 952 5605; x_wconf 57' lang='lat' dir='ltr'><strong>illic}</strong></span> <span class='ocrx_word' id='word_1_635' title='bbox 997 5567 1127 5622; x_wconf 82' lang='lat' dir='ltr'><strong>ergo</strong></span> <span class='ocrx_word' id='word_1_636' title='bbox 1178 5552 1341 5604; x_wconf 75' lang='lat' dir='ltr'><strong>verba</strong></span> <span class='ocrx_word' id='word_1_637' title='bbox 1376 5561 1518 5610; x_wconf 80' lang='lat' dir='ltr'><strong>sunt.</strong></span> <span class='ocrx_word' id='word_1_638' title='bbox 1567 5553 1658 5605; x_wconf 80' lang='lat' dir='ltr'><strong>hic</strong></span> <span class='ocrx_word' id='word_1_639' title='bbox 1697 5568 1822 5617; x_wconf 86' lang='lat' dir='ltr'><strong>res;</strong></span> 
     </span>
    </p>
   </div>
   <div class='ocr_carea' id='block_1_74' title="bbox 264 5637 1828 5715">
    <p class='ocr_par' dir='ltr' id='par_1_74' title="bbox 264 5637 1828 5715">
     <span class='ocr_line' id='line_1_74' title="bbox 264 5637 1828 5715; baseline 0.006 -24"><span class='ocrx_word' id='word_1_640' title='bbox 264 5637 359 5691; x_wconf 86' lang='lat' dir='ltr'><strong>illic</strong></span> <span class='ocrx_word' id='word_1_641' title='bbox 415 5656 534 5708; x_wconf 74' lang='lat' dir='ltr'><strong>quae</strong></span> <span class='ocrx_word' id='word_1_642' title='bbox 581 5641 674 5693; x_wconf 88' lang='lat' dir='ltr'><strong>Dei</strong></span> <span class='ocrx_word' id='word_1_643' title='bbox 709 5651 874 5705; x_wconf 79' lang='lat' dir='ltr'><strong>‘sunt,</strong></span> <span class='ocrx_word' id='word_1_644' title='bbox 910 5643 996 5697; x_wconf 86' lang='lat' dir='ltr'><strong>hic</strong></span> <span class='ocrx_word' id='word_1_645' title='bbox 1044 5643 1200 5698; x_wconf 79' lang='lat' dir='ltr'><strong>Deus</strong></span> <span class='ocrx_word' id='word_1_646' title='bbox 1225 5646 1355 5714; x_wconf 90' lang='lat' dir='ltr'><strong>ipse.</strong></span> <span class='ocrx_word' id='word_1_647' title='bbox 1409 5645 1608 5715; x_wconf 68' lang='lat' dir='ltr'><strong>(Orig)</strong></span> <span class='ocrx_word' id='word_1_648' title='bbox 1638 5645 1742 5699; x_wconf 77' lang='lat' dir='ltr'><strong>Sed</strong></span> <span class='ocrx_word' id='word_1_649' title='bbox 1775 5653 1828 5700; x_wconf 82' lang='lat' dir='ltr'><strong>et</strong></span> 
     </span>
    </p>
   </div>
   <div class='ocr_carea' id='block_1_75' title="bbox 265 5731 1826 5806">
    <p class='ocr_par' dir='ltr' id='par_1_75' title="bbox 265 5731 1826 5806">
     <span class='ocr_line' id='line_1_75' title="bbox 265 5731 1826 5806; baseline 0.004 -22"><span class='ocrx_word' id='word_1_650' title='bbox 265 5731 377 5784; x_wconf 81' lang='lat' dir='ltr'><strong>illud</strong></span> <span class='ocrx_word' id='word_1_651' title='bbox 410 5748 510 5785; x_wconf 86' lang='lat' dir='ltr'><strong>non</strong></span> <span class='ocrx_word' id='word_1_652' title='bbox 542 5734 855 5788; x_wconf 84' lang='lat' dir='ltr'><strong>omittamus</strong></span> <span class='ocrx_word' id='word_1_653' title='bbox 895 5737 1412 5805; x_wconf 60' lang='lat' dir='ltr'><strong>quod&#39;bic&#39;quidmn.</strong></span> <span class='ocrx_word' id='word_1_654' title='bbox 1443 5737 1532 5806; x_wconf 89' lang='lat' dir='ltr'><strong>qui</strong></span> <span class='ocrx_word' id='word_1_655' title='bbox 1577 5737 1769 5790; x_wconf 86' lang='lat' dir='ltr'><strong>liberat</strong></span> <span class='ocrx_word' id='word_1_656' title='bbox 1797 5752 1826 5790; x_wconf 89' lang='lat' dir='ltr'><strong>a</strong></span> 
     </span>
    </p>
   </div>
   <div class='ocr_carea' id='block_1_76' title="bbox 266 5822 1842 5898">
    <p class='ocr_par' dir='ltr' id='par_1_76' title="bbox 266 5822 1842 5898">
     <span class='ocr_line' id='line_1_76' title="bbox 266 5822 1842 5898; baseline 0.004 -23"><span class='ocrx_word' id='word_1_657' title='bbox 266 5822 366 5892; x_wconf 62' lang='lat' dir='ltr'><strong>lege</strong></span> <span class='ocrx_word' id='word_1_658' title='bbox 395 5826 602 5895; x_wconf 78' lang='lat' dir='ltr'><strong>peccati</strong></span> <span class='ocrx_word' id='word_1_659' title='bbox 625 5831 681 5880; x_wconf 88' lang='lat' dir='ltr'><strong>et</strong></span> <span class='ocrx_word' id='word_1_660' title='bbox 703 5825 912 5892; x_wconf 80' lang='lat' dir='ltr'><strong>mortis,</strong></span> <span class='ocrx_word' id='word_1_661' title='bbox 941 5824 1174 5898; x_wconf 76' lang='lat' dir='ltr'><strong>Spiritus</strong></span> <span class='ocrx_word' id='word_1_662' title='bbox 1188 5828 1323 5881; x_wconf 78' lang='lat' dir='ltr'><strong>vitae</strong></span> <span class='ocrx_word' id='word_1_663' title='bbox 1335 5827 1551 5892; x_wconf 78' lang='lat' dir='ltr'><strong>dicitur,</strong></span> <span class='ocrx_word' id='word_1_664' title='bbox 1583 5829 1634 5883; x_wconf 90' lang='lat' dir='ltr'><strong>in</strong></span> <span class='ocrx_word' id='word_1_665' title='bbox 1663 5828 1842 5883; x_wconf 66' lang='lat' dir='ltr'><strong>EVau-‘</strong></span> 
     </span>
    </p>
   </div>
   <div class='ocr_carea' id='block_1_77' title="bbox 579 5947 606 5977">
    <p class='ocr_par' dir='ltr' id='par_1_77' title="bbox 579 5947 606 5977">
     <span class='ocr_line' id='line_1_77' title="bbox 579 5947 606 5977; baseline 0 0"><span class='ocrx_word' id='word_1_666' title='bbox 579 5947 606 5977; x_wconf 61' lang='grc' dir='ltr'><em>φ</em></span> 
     </span>
    </p>
   </div>
   <div class='ocr_carea' id='block_1_78' title="bbox 1942 1979 3076 2049">
    <p class='ocr_par' dir='ltr' id='par_1_78' title="bbox 1942 1979 3076 2049">
     <span class='ocr_line' id='line_1_78' title="bbox 1942 1979 3076 2049; baseline 0.003 -20"><span class='ocrx_word' id='word_1_667' title='bbox 1942 1991 2060 2045; x_wconf 78' lang='lat' dir='ltr'><strong>qme</strong></span> <span class='ocrx_word' id='word_1_668' title='bbox 2081 1979 2228 2030; x_wconf 85' lang='lat' dir='ltr'><strong>venit</strong></span> <span class='ocrx_word' id='word_1_669' title='bbox 2278 1993 2342 2031; x_wconf 80' lang='lat' dir='ltr'><strong>ex</strong></span> <span class='ocrx_word' id='word_1_670' title='bbox 2375 1979 2826 2033; x_wconf 88' lang='lat' dir='ltr'><strong>condemnatione</strong></span> <span class='ocrx_word' id='word_1_671' title='bbox 2851 1981 3076 2049; x_wconf 85' lang='lat' dir='ltr'><strong>peccati.</strong></span> 
     </span>
    </p>
   </div>
   <div class='ocr_carea' id='block_1_79' title="bbox 2015 2072 3523 2148">
    <p class='ocr_par' dir='ltr' id='par_1_79' title="bbox 2015 2072 3523 2148">
     <span class='ocr_line' id='line_1_79' title="bbox 2015 2072 3523 2148; baseline 0.006 -24"><span class='ocrx_word' id='word_1_672' title='bbox 2015 2072 2151 2137; x_wconf 75' lang='lat' dir='ltr'><strong>Quia.</strong></span> <span class='ocrx_word' id='word_1_673' title='bbox 2179 2074 2318 2142; x_wconf 74' lang='lat' dir='ltr'><strong>quod</strong></span> <span class='ocrx_word' id='word_1_674' title='bbox 2350 2074 2666 2143; x_wconf 85' lang='lat' dir='ltr'><strong>impossibile</strong></span> <span class='ocrx_word' id='word_1_675' title='bbox 2692 2085 2800 2127; x_wconf 87' lang='lat' dir='ltr'><strong>erat</strong></span> <span class='ocrx_word' id='word_1_676' title='bbox 2826 2075 2976 2144; x_wconf 81' lang='lat' dir='ltr'><strong>legis,</strong></span> <span class='ocrx_word' id='word_1_677' title='bbox 3007 2077 3058 2129; x_wconf 84' lang='lat' dir='ltr'><strong>in</strong></span> <span class='ocrx_word' id='word_1_678' title='bbox 3087 2095 3184 2148; x_wconf 79' lang='lat' dir='ltr'><strong>quo</strong></span> <span class='ocrx_word' id='word_1_679' title='bbox 3214 2077 3523 2146; x_wconf 84' lang='lat' dir='ltr'><strong>inﬁrmaba-</strong></span> 
     </span>
    </p>
   </div>
   <div class='ocr_carea' id='block_1_80' title="bbox 1941 2165 3520 2235">
    <p class='ocr_par' dir='ltr' id='par_1_80' title="bbox 1941 2165 3520 2235">
     <span class='ocr_line' id='line_1_80' title="bbox 1941 2165 3520 2235; baseline 0.004 -18"><span class='ocrx_word' id='word_1_680' title='bbox 1941 2176 2030 2218; x_wconf 82' lang='lat' dir='ltr'><strong>tur</strong></span> <span class='ocrx_word' id='word_1_681' title='bbox 2054 2182 2146 2235; x_wconf 87' lang='lat' dir='ltr'><strong>per</strong></span> <span class='ocrx_word' id='word_1_682' title='bbox 2177 2182 2404 2230; x_wconf 82' lang='lat' dir='ltr'><strong>carnem,</strong></span> <span class='ocrx_word' id='word_1_683' title='bbox 2436 2165 2576 2219; x_wconf 87' lang='lat' dir='ltr'><strong>Deus</strong></span> <span class='ocrx_word' id='word_1_684' title='bbox 2623 2165 2817 2219; x_wconf 79' lang='lat' dir='ltr'><strong>Filium</strong></span> <span class='ocrx_word' id='word_1_685' title='bbox 2857 2185 3009 2220; x_wconf 85' lang='lat' dir='ltr'><strong>suum</strong></span> <span class='ocrx_word' id='word_1_686' title='bbox 3036 2171 3239 2223; x_wconf 84' lang='lat' dir='ltr'><strong>mittens</strong></span> <span class='ocrx_word' id='word_1_687' title='bbox 3277 2172 3330 2223; x_wconf 85' lang='lat' dir='ltr'><strong>in</strong></span> <span class='ocrx_word' id='word_1_688' title='bbox 3373 2172 3520 2223; x_wconf 80' lang='lat' dir='ltr'><strong>sinti-</strong></span> 
     </span>
    </p>
   </div>
   <div class='ocr_carea' id='block_1_81' title="bbox 1942 2254 3521 2328">
    <p class='ocr_par' dir='ltr' id='par_1_81' title="bbox 1942 2254 3521 2328">
     <span class='ocr_line' id='line_1_81' title="bbox 1942 2254 3521 2328; baseline 0.005 -22"><span class='ocrx_word' id='word_1_689' title='bbox 1942 2254 2214 2308; x_wconf 72' lang='lat' dir='ltr'><strong>litudinem</strong></span> <span class='ocrx_word' id='word_1_690' title='bbox 2299 2257 2471 2309; x_wconf 83' lang='lat' dir='ltr'><strong>carnis</strong></span> <span class='ocrx_word' id='word_1_691' title='bbox 2542 2259 2782 2326; x_wconf 86' lang='lat' dir='ltr'><strong>peccati,</strong></span> <span class='ocrx_word' id='word_1_692' title='bbox 2854 2258 2917 2311; x_wconf 83' lang='lat' dir='ltr'><strong>de</strong></span> <span class='ocrx_word' id='word_1_693' title='bbox 2996 2269 3205 2328; x_wconf 79' lang='lat' dir='ltr'><strong>peccato</strong></span> <span class='ocrx_word' id='word_1_694' title='bbox 3257 2261 3521 2314; x_wconf 80' lang='lat' dir='ltr'><strong>damnavit</strong></span> 
     </span>
    </p>
   </div>
   <div class='ocr_carea' id='block_1_82' title="bbox 1940 2347 3526 2420">
    <p class='ocr_par' dir='ltr' id='par_1_82' title="bbox 1940 2347 3526 2420">
     <span class='ocr_line' id='line_1_82' title="bbox 1940 2347 3526 2420; baseline 0.003 -22"><span class='ocrx_word' id='word_1_695' title='bbox 1940 2358 2204 2416; x_wconf 74' lang='lat' dir='ltr'><strong>peccatum</strong></span> <span class='ocrx_word' id='word_1_696' title='bbox 2252 2347 2304 2400; x_wconf 85' lang='lat' dir='ltr'><strong>in</strong></span> <span class='ocrx_word' id='word_1_697' title='bbox 2356 2365 2531 2400; x_wconf 85' lang='lat' dir='ltr'><strong>carne.</strong></span> <span class='ocrx_word' id='word_1_698' title='bbox 2581 2347 2782 2420; x_wconf 68' lang='grc' dir='ltr'><strong>(Δηὼ.)</strong></span> <span class='ocrx_word' id='word_1_699' title='bbox 2835 2349 2957 2403; x_wconf 79' lang='lat' dir='ltr'><strong>llaec</strong></span> <span class='ocrx_word' id='word_1_700' title='bbox 3007 2350 3133 2403; x_wconf 82' lang='lat' dir='ltr'><strong>dicit</strong></span> <span class='ocrx_word' id='word_1_701' title='bbox 3195 2358 3251 2403; x_wconf 89' lang='lat' dir='ltr'><strong>ut</strong></span> <span class='ocrx_word' id='word_1_702' title='bbox 3287 2352 3526 2420; x_wconf 84' lang='lat' dir='ltr'><strong>baptiza-</strong></span> 
     </span>
    </p>
   </div>
   <div class='ocr_carea' id='block_1_83' title="bbox 1943 2438 3524 2508">
    <p class='ocr_par' dir='ltr' id='par_1_83' title="bbox 1943 2438 3524 2508">
     <span class='ocr_line' id='line_1_83' title="bbox 1943 2438 3524 2508; baseline 0.003 -18"><span class='ocrx_word' id='word_1_703' title='bbox 1943 2444 2027 2490; x_wconf 85' lang='lat' dir='ltr'><strong>tos</strong></span> <span class='ocrx_word' id='word_1_704' title='bbox 2053 2452 2272 2491; x_wconf 82' lang='lat' dir='ltr'><strong>securos</strong></span> <span class='ocrx_word' id='word_1_705' title='bbox 2301 2438 2487 2492; x_wconf 77' lang='lat' dir='ltr'><strong>reddat</strong></span> <span class='ocrx_word' id='word_1_706' title='bbox 2524 2440 2612 2507; x_wconf 91' lang='lat' dir='ltr'><strong>qui</strong></span> <span class='ocrx_word' id='word_1_707' title='bbox 2646 2439 2856 2492; x_wconf 84' lang='lat' dir='ltr'><strong>liberati</strong></span> <span class='ocrx_word' id='word_1_708' title='bbox 2895 2456 2922 2492; x_wconf 89' lang='lat' dir='ltr'><strong>a</strong></span> <span class='ocrx_word' id='word_1_709' title='bbox 2952 2449 3175 2508; x_wconf 86' lang='lat' dir='ltr'><strong>peccato</strong></span> <span class='ocrx_word' id='word_1_710' title='bbox 3203 2450 3346 2494; x_wconf 89' lang='lat' dir='ltr'><strong>sunt.</strong></span> <span class='ocrx_word' id='word_1_711' title='bbox 3382 2440 3524 2506; x_wconf 81' lang='lat' dir='ltr'><strong>Quo—</strong></span> 
     </span>
    </p>
   </div>
   <div class='ocr_carea' id='block_1_84' title="bbox 1943 2531 3521 2606">
    <p class='ocr_par' dir='ltr' id='par_1_84' title="bbox 1943 2531 3521 2606">
     <span class='ocr_line' id='line_1_84' title="bbox 1943 2531 3521 2606; baseline 0.005 -24"><span class='ocrx_word' id='word_1_712' title='bbox 1943 2531 2081 2582; x_wconf 74' lang='lat' dir='ltr'><strong>niam</strong></span> <span class='ocrx_word' id='word_1_713' title='bbox 2119 2531 2258 2600; x_wconf 82' lang='lat' dir='ltr'><strong>quod</strong></span> <span class='ocrx_word' id='word_1_714' title='bbox 2288 2531 2604 2602; x_wconf 80' lang='lat' dir='ltr'><strong>impossibile</strong></span> <span class='ocrx_word' id='word_1_715' title='bbox 2637 2543 2767 2596; x_wconf 84' lang='lat' dir='ltr'><strong>erat,</strong></span> <span class='ocrx_word' id='word_1_716' title='bbox 2803 2533 2991 2604; x_wconf 85' lang='lat' dir='ltr'><strong>inquit,</strong></span> <span class='ocrx_word' id='word_1_717' title='bbox 3021 2534 3165 2604; x_wconf 85' lang='lat' dir='ltr'><strong>legis.</strong></span> <span class='ocrx_word' id='word_1_718' title='bbox 3193 2534 3288 2588; x_wconf 89' lang='lat' dir='ltr'><strong>Cui</strong></span> <span class='ocrx_word' id='word_1_719' title='bbox 3321 2536 3521 2606; x_wconf 87' lang='lat' dir='ltr'><strong>impos-</strong></span> 
     </span>
    </p>
   </div>
   <div class='ocr_carea' id='block_1_85' title="bbox 1942 2621 3520 2694">
    <p class='ocr_par' dir='ltr' id='par_1_85' title="bbox 1942 2621 3520 2694">
     <span class='ocr_line' id='line_1_85' title="bbox 1942 2621 3520 2694; baseline 0.005 -20"><span class='ocrx_word' id='word_1_720' title='bbox 1942 2621 2130 2675; x_wconf 80' lang='lat' dir='ltr'><strong>sibile?</strong></span> <span class='ocrx_word' id='word_1_721' title='bbox 2186 2623 2338 2677; x_wconf 84' lang='lat' dir='ltr'><strong>nobis</strong></span> <span class='ocrx_word' id='word_1_722' title='bbox 2400 2624 2606 2678; x_wconf 89' lang='lat' dir='ltr'><strong>scilicet</strong></span> <span class='ocrx_word' id='word_1_723' title='bbox 2659 2625 2986 2694; x_wconf 87' lang='lat' dir='ltr'><strong>impossibile</strong></span> <span class='ocrx_word' id='word_1_724' title='bbox 3041 2635 3157 2681; x_wconf 88' lang='lat' dir='ltr'><strong>erat</strong></span> <span class='ocrx_word' id='word_1_725' title='bbox 3214 2629 3520 2682; x_wconf 88' lang='lat' dir='ltr'><strong>mandatum</strong></span> 
     </span>
    </p>
   </div>
   <div class='ocr_carea' id='block_1_86' title="bbox 1941 2711 3521 2790">
    <p class='ocr_par' dir='ltr' id='par_1_86' title="bbox 1941 2711 3521 2790">
     <span class='ocr_line' id='line_1_86' title="bbox 1941 2711 3521 2790; baseline 0.005 -26"><span class='ocrx_word' id='word_1_726' title='bbox 1941 2711 2343 2782; x_wconf 84' lang='lat' dir='ltr'><strong>legisimplere,</strong></span> <span class='ocrx_word' id='word_1_727' title='bbox 2382 2715 2506 2788; x_wconf 88' lang='lat' dir='ltr'><strong>quia</strong></span> <span class='ocrx_word' id='word_1_728' title='bbox 2539 2716 2764 2785; x_wconf 87' lang='lat' dir='ltr'><strong>subjecti</strong></span> <span class='ocrx_word' id='word_1_729' title='bbox 2795 2732 3010 2771; x_wconf 89' lang='lat' dir='ltr'><strong>eramus</strong></span> <span class='ocrx_word' id='word_1_730' title='bbox 3046 2726 3289 2786; x_wconf 85' lang='lat' dir='ltr'><strong>peccato.</strong></span> <span class='ocrx_word' id='word_1_731' title='bbox 3324 2717 3521 2790; x_wconf 67' lang='lat' dir='ltr'><strong>(Orig)</strong></span> 
     </span>
    </p>
   </div>
   <div class='ocr_carea' id='block_1_87' title="bbox 1943 2803 3527 2883">
    <p class='ocr_par' dir='ltr' id='par_1_87' title="bbox 1943 2803 3527 2883">
     <span class='ocr_line' id='line_1_87' title="bbox 1943 2803 3527 2883; baseline 0.004 -24"><span class='ocrx_word' id='word_1_732' title='bbox 1943 2803 2047 2859; x_wconf 84' lang='lat' dir='ltr'><strong>Sed</strong></span> <span class='ocrx_word' id='word_1_733' title='bbox 2079 2822 2198 2859; x_wconf 81' lang='lat' dir='ltr'><strong>cum</strong></span> <span class='ocrx_word' id='word_1_734' title='bbox 2231 2808 2280 2860; x_wconf 93' lang='lat' dir='ltr'><strong>in</strong></span> <span class='ocrx_word' id='word_1_735' title='bbox 2308 2809 2677 2876; x_wconf 85' lang='lat' dir='ltr'><strong>superioribus</strong></span> <span class='ocrx_word' id='word_1_736' title='bbox 2709 2817 2786 2863; x_wconf 90' lang='lat' dir='ltr'><strong>tot</strong></span> <span class='ocrx_word' id='word_1_737' title='bbox 2811 2809 2954 2880; x_wconf 88' lang='lat' dir='ltr'><strong>leges</strong></span> <span class='ocrx_word' id='word_1_738' title='bbox 2981 2811 3340 2864; x_wconf 78' lang='lat' dir='ltr'><strong>nominaverit</strong></span> <span class='ocrx_word' id='word_1_739' title='bbox 3369 2811 3527 2883; x_wconf 77' lang='lat' dir='ltr'><strong>(dixit.</strong></span> 
     </span>
    </p>
   </div>
   <div class='ocr_carea' id='block_1_88' title="bbox 1941 2897 3519 2971">
    <p class='ocr_par' dir='ltr' id='par_1_88' title="bbox 1941 2897 3519 2971">
     <span class='ocr_line' id='line_1_88' title="bbox 1941 2897 3519 2971; baseline 0.004 -23"><span class='ocrx_word' id='word_1_740' title='bbox 1941 2897 2090 2949; x_wconf 83' lang='lat' dir='ltr'><strong>enim</strong></span> <span class='ocrx_word' id='word_1_741' title='bbox 2121 2908 2174 2950; x_wconf 87' lang='lat' dir='ltr'><strong>et</strong></span> <span class='ocrx_word' id='word_1_742' title='bbox 2204 2897 2374 2968; x_wconf 84' lang='lat' dir='ltr'><strong>legem</strong></span> <span class='ocrx_word' id='word_1_743' title='bbox 2403 2899 2518 2961; x_wconf 88' lang='lat' dir='ltr'><strong>Dei,</strong></span> <span class='ocrx_word' id='word_1_744' title='bbox 2549 2908 2602 2952; x_wconf 87' lang='lat' dir='ltr'><strong>et</strong></span> <span class='ocrx_word' id='word_1_745' title='bbox 2631 2899 2800 2970; x_wconf 82' lang='lat' dir='ltr'><strong>legem</strong></span> <span class='ocrx_word' id='word_1_746' title='bbox 2834 2900 3028 2954; x_wconf 87' lang='lat' dir='ltr'><strong>mentis</strong></span> <span class='ocrx_word' id='word_1_747' title='bbox 3055 2943 3067 2964; x_wconf 90' lang='lat'><strong>,</strong></span> <span class='ocrx_word' id='word_1_748' title='bbox 3109 2913 3161 2955; x_wconf 90' lang='lat' dir='ltr'><strong>et</strong></span> <span class='ocrx_word' id='word_1_749' title='bbox 3193 2901 3365 2970; x_wconf 83' lang='lat' dir='ltr'><strong>legem</strong></span> <span class='ocrx_word' id='word_1_750' title='bbox 3411 2902 3519 2971; x_wconf 78' lang='lat' dir='ltr'><strong>Spi-</strong></span> 
     </span>
    </p>
   </div>
   <div class='ocr_carea' id='block_1_89' title="bbox 1943 2985 3522 3060">
    <p class='ocr_par' dir='ltr' id='par_1_89' title="bbox 1943 2985 3522 3060">
     <span class='ocr_line' id='line_1_89' title="bbox 1943 2985 3522 3060; baseline 0.006 -23"><span class='ocrx_word' id='word_1_751' title='bbox 1943 2985 2083 3040; x_wconf 79' lang='lat' dir='ltr'><strong>ritus</strong></span> <span class='ocrx_word' id='word_1_752' title='bbox 2111 2986 2283 3057; x_wconf 66' lang='lat' dir='ltr'><strong>vitae),</strong></span> <span class='ocrx_word' id='word_1_753' title='bbox 2310 3002 2338 3041; x_wconf 89' lang='lat' dir='ltr'><strong>e</strong></span> <span class='ocrx_word' id='word_1_754' title='bbox 2370 2989 2646 3041; x_wconf 89' lang='lat' dir='ltr'><strong>contrario</strong></span> <span class='ocrx_word' id='word_1_755' title='bbox 2673 3005 2884 3058; x_wconf 85' lang='lat' dir='ltr'><strong>quoque.</strong></span> <span class='ocrx_word' id='word_1_756' title='bbox 2916 2990 3091 3060; x_wconf 84' lang='lat' dir='ltr'><strong>legem</strong></span> <span class='ocrx_word' id='word_1_757' title='bbox 3123 3006 3242 3060; x_wconf 74' lang='lat' dir='ltr'><strong>qua:</strong></span> <span class='ocrx_word' id='word_1_758' title='bbox 3272 2993 3324 3046; x_wconf 88' lang='lat' dir='ltr'><strong>in</strong></span> <span class='ocrx_word' id='word_1_759' title='bbox 3355 3009 3522 3046; x_wconf 84' lang='lat' dir='ltr'><strong>mem-</strong></span> 
     </span>
    </p>
   </div>
   <div class='ocr_carea' id='block_1_90' title="bbox 1941 3078 3518 3152">
    <p class='ocr_par' dir='ltr' id='par_1_90' title="bbox 1941 3078 3518 3152">
     <span class='ocr_line' id='line_1_90' title="bbox 1941 3078 3518 3152; baseline 0.005 -21"><span class='ocrx_word' id='word_1_760' title='bbox 1941 3078 2052 3131; x_wconf 85' lang='lat' dir='ltr'><strong>bris</strong></span> <span class='ocrx_word' id='word_1_761' title='bbox 2077 3087 2179 3142; x_wconf 81' lang='lat' dir='ltr'><strong>est,</strong></span> <span class='ocrx_word' id='word_1_762' title='bbox 2215 3088 2266 3133; x_wconf 86' lang='lat' dir='ltr'><strong>et</strong></span> <span class='ocrx_word' id='word_1_763' title='bbox 2295 3078 2463 3149; x_wconf 82' lang='lat' dir='ltr'><strong>legem</strong></span> <span class='ocrx_word' id='word_1_764' title='bbox 2496 3081 2684 3134; x_wconf 86' lang='lat' dir='ltr'><strong>mortis</strong></span> <span class='ocrx_word' id='word_1_765' title='bbox 2710 3121 2723 3144; x_wconf 94' lang='lat'><strong>,</strong></span> <span class='ocrx_word' id='word_1_766' title='bbox 2755 3090 2809 3134; x_wconf 88' lang='lat' dir='ltr'><strong>et</strong></span> <span class='ocrx_word' id='word_1_767' title='bbox 2837 3081 3006 3149; x_wconf 87' lang='lat' dir='ltr'><strong>legem</strong></span> <span class='ocrx_word' id='word_1_768' title='bbox 3046 3084 3249 3152; x_wconf 87' lang='lat' dir='ltr'><strong>peccati</strong></span> <span class='ocrx_word' id='word_1_769' title='bbox 3281 3099 3518 3139; x_wconf 86' lang='lat' dir='ltr'><strong>comme-</strong></span> 
     </span>
    </p>
   </div>
   <div class='ocr_carea' id='block_1_91' title="bbox 1940 3173 3517 3242">
    <p class='ocr_par' dir='ltr' id='par_1_91' title="bbox 1940 3173 3517 3242">
     <span class='ocr_line' id='line_1_91' title="bbox 1940 3173 3517 3242; baseline 0.003 -18"><span class='ocrx_word' id='word_1_770' title='bbox 1940 3173 2249 3236; x_wconf 85' lang='lat' dir='ltr'><strong>moraverit,</strong></span> <span class='ocrx_word' id='word_1_771' title='bbox 2285 3173 2369 3226; x_wconf 82' lang='lat' dir='ltr'><strong>hic</strong></span> <span class='ocrx_word' id='word_1_772' title='bbox 2397 3188 2538 3226; x_wconf 90' lang='lat' dir='ltr'><strong>nunc</strong></span> <span class='ocrx_word' id='word_1_773' title='bbox 2563 3173 2627 3225; x_wconf 89' lang='lat' dir='ltr'><strong>de</strong></span> <span class='ocrx_word' id='word_1_774' title='bbox 2655 3185 2757 3241; x_wconf 89' lang='lat' dir='ltr'><strong>qua</strong></span> <span class='ocrx_word' id='word_1_775' title='bbox 2798 3174 2989 3227; x_wconf 85' lang='lat' dir='ltr'><strong>harum</strong></span> <span class='ocrx_word' id='word_1_776' title='bbox 3018 3174 3136 3242; x_wconf 80' lang='lat' dir='ltr'><strong>lege</strong></span> <span class='ocrx_word' id='word_1_777' title='bbox 3175 3175 3351 3239; x_wconf 88' lang='lat' dir='ltr'><strong>dicat,</strong></span> <span class='ocrx_word' id='word_1_778' title='bbox 3397 3192 3517 3229; x_wconf 89' lang='lat' dir='ltr'><strong>nam</strong></span> 
     </span>
    </p>
   </div>
   <div class='ocr_carea' id='block_1_92' title="bbox 1928 3255 3520 3337">
    <p class='ocr_par' dir='ltr' id='par_1_92' title="bbox 1928 3255 3520 3337">
     <span class='ocr_line' id='line_1_92' title="bbox 1928 3255 3520 3337; baseline 0.002 -20"><span class='ocrx_word' id='word_1_779' title='bbox 1928 3255 2074 3334; x_wconf 74' lang='lat' dir='ltr'><strong>quod</strong></span> <span class='ocrx_word' id='word_1_780' title='bbox 2105 3263 2419 3334; x_wconf 86' lang='lat' dir='ltr'><strong>impossibile</strong></span> <span class='ocrx_word' id='word_1_781' title='bbox 2467 3273 2577 3318; x_wconf 86' lang='lat' dir='ltr'><strong>erat</strong></span> <span class='ocrx_word' id='word_1_782' title='bbox 2604 3264 2750 3335; x_wconf 85' lang='lat' dir='ltr'><strong>legis,</strong></span> <span class='ocrx_word' id='word_1_783' title='bbox 2792 3266 2845 3318; x_wconf 86' lang='lat' dir='ltr'><strong>in</strong></span> <span class='ocrx_word' id='word_1_784' title='bbox 2891 3281 2989 3334; x_wconf 80' lang='lat' dir='ltr'><strong>quo</strong></span> <span class='ocrx_word' id='word_1_785' title='bbox 3024 3265 3394 3333; x_wconf 77' lang='lat' dir='ltr'><strong>inﬁrmabalur</strong></span> <span class='ocrx_word' id='word_1_786' title='bbox 3427 3285 3520 3337; x_wconf 89' lang='lat' dir='ltr'><strong>per</strong></span> 
     </span>
    </p>
   </div>
   <div class='ocr_carea' id='block_1_93' title="bbox 1933 3355 3519 3426">
    <p class='ocr_par' dir='ltr' id='par_1_93' title="bbox 1933 3355 3519 3426">
     <span class='ocr_line' id='line_1_93' title="bbox 1933 3355 3519 3426; baseline 0.003 -18"><span class='ocrx_word' id='word_1_787' title='bbox 1933 3371 2164 3420; x_wconf 77' lang='lat' dir='ltr'><strong>carnem,</strong></span> <span class='ocrx_word' id='word_1_788' title='bbox 2192 3372 2299 3410; x_wconf 89' lang='lat' dir='ltr'><strong>non</strong></span> <span class='ocrx_word' id='word_1_789' title='bbox 2333 3364 2411 3409; x_wconf 82' lang='lat' dir='ltr'><strong>est</strong></span> <span class='ocrx_word' id='word_1_790' title='bbox 2462 3371 2639 3424; x_wconf 60' lang='lat' dir='ltr'><strong>parvae</strong></span> <span class='ocrx_word' id='word_1_791' title='bbox 2682 3355 3088 3411; x_wconf 80' lang='lat' dir='ltr'><strong>deliberationis</strong></span> <span class='ocrx_word' id='word_1_792' title='bbox 3130 3355 3344 3426; x_wconf 84' lang='lat' dir='ltr'><strong>eligere.</strong></span> <span class='ocrx_word' id='word_1_793' title='bbox 3382 3357 3519 3412; x_wconf 87' lang='lat' dir='ltr'><strong>Puto</strong></span> 
     </span>
    </p>
   </div>
   <div class='ocr_carea' id='block_1_94' title="bbox 1937 3447 3520 3517">
    <p class='ocr_par' dir='ltr' id='par_1_94' title="bbox 1937 3447 3520 3517">
     <span class='ocr_line' id='line_1_94' title="bbox 1937 3447 3520 3517; baseline 0.004 -19"><span class='ocrx_word' id='word_1_794' title='bbox 1937 3453 2112 3499; x_wconf 86' lang='lat' dir='ltr'><strong>tamen</strong></span> <span class='ocrx_word' id='word_1_795' title='bbox 2153 3449 2294 3514; x_wconf 89' lang='lat' dir='ltr'><strong>quod</strong></span> <span class='ocrx_word' id='word_1_796' title='bbox 2322 3448 2490 3517; x_wconf 88' lang='lat' dir='ltr'><strong>legem</strong></span> <span class='ocrx_word' id='word_1_797' title='bbox 2525 3447 2689 3517; x_wconf 81' lang='lat' dir='ltr'><strong>Moysi</strong></span> <span class='ocrx_word' id='word_1_798' title='bbox 2724 3448 2884 3501; x_wconf 90' lang='lat' dir='ltr'><strong>etiam</strong></span> <span class='ocrx_word' id='word_1_799' title='bbox 2912 3450 3017 3511; x_wconf 85' lang='lat' dir='ltr'><strong>hic,</strong></span> <span class='ocrx_word' id='word_1_800' title='bbox 3064 3450 3205 3503; x_wconf 86' lang='lat' dir='ltr'><strong>sicut</strong></span> <span class='ocrx_word' id='word_1_801' title='bbox 3235 3459 3287 3504; x_wconf 88' lang='lat' dir='ltr'><strong>et</strong></span> <span class='ocrx_word' id='word_1_802' title='bbox 3315 3451 3368 3504; x_wconf 92' lang='lat' dir='ltr'><strong>in</strong></span> <span class='ocrx_word' id='word_1_803' title='bbox 3401 3450 3520 3506; x_wconf 90' lang='lat' dir='ltr'><strong>aliis</strong></span> 
     </span>
    </p>
   </div>
   <div class='ocr_carea' id='block_1_95' title="bbox 1935 3536 3517 3607">
    <p class='ocr_par' dir='ltr' id='par_1_95' title="bbox 1935 3536 3517 3607">
     <span class='ocr_line' id='line_1_95' title="bbox 1935 3536 3517 3607; baseline 0.003 -18"><span class='ocrx_word' id='word_1_804' title='bbox 1935 3537 2196 3605; x_wconf 73' lang='lat' dir='ltr'><strong>saepejam</strong></span> <span class='ocrx_word' id='word_1_805' title='bbox 2224 3537 2477 3601; x_wconf 76' lang='lat' dir='ltr'><strong>diximus,</strong></span> <span class='ocrx_word' id='word_1_806' title='bbox 2504 3536 2554 3589; x_wconf 87' lang='lat' dir='ltr'><strong>in</strong></span> <span class='ocrx_word' id='word_1_807' title='bbox 2575 3539 2704 3590; x_wconf 85' lang='lat' dir='ltr'><strong>duas</strong></span> <span class='ocrx_word' id='word_1_808' title='bbox 2725 3547 2902 3606; x_wconf 88' lang='lat' dir='ltr'><strong>partes</strong></span> <span class='ocrx_word' id='word_1_809' title='bbox 2917 3537 3438 3607; x_wconf 65' lang='lat' dir='ltr'><strong>ApoStolusdividat,</strong></span> <span class='ocrx_word' id='word_1_810' title='bbox 3463 3549 3517 3594; x_wconf 88' lang='lat' dir='ltr'><strong>et</strong></span> 
     </span>
    </p>
   </div>
   <div class='ocr_carea' id='block_1_96' title="bbox 1936 3625 3515 3696">
    <p class='ocr_par' dir='ltr' id='par_1_96' title="bbox 1936 3625 3515 3696">
     <span class='ocr_line' id='line_1_96' title="bbox 1936 3625 3515 3696; baseline 0.001 -16"><span class='ocrx_word' id='word_1_811' title='bbox 1936 3627 2083 3680; x_wconf 80' lang='lat' dir='ltr'><strong>aliud</strong></span> <span class='ocrx_word' id='word_1_812' title='bbox 2110 3628 2161 3680; x_wconf 87' lang='lat' dir='ltr'><strong>in</strong></span> <span class='ocrx_word' id='word_1_813' title='bbox 2190 3641 2250 3680; x_wconf 88' lang='lat' dir='ltr'><strong>ea</strong></span> <span class='ocrx_word' id='word_1_814' title='bbox 2283 3639 2519 3679; x_wconf 87' lang='lat' dir='ltr'><strong>carnem.</strong></span> <span class='ocrx_word' id='word_1_815' title='bbox 2549 3625 2698 3680; x_wconf 86' lang='lat' dir='ltr'><strong>aliud</strong></span> <span class='ocrx_word' id='word_1_816' title='bbox 2725 3628 2970 3696; x_wconf 85' lang='lat' dir='ltr'><strong>Spiritum</strong></span> <span class='ocrx_word' id='word_1_817' title='bbox 3005 3629 3262 3692; x_wconf 88' lang='lat' dir='ltr'><strong>nominet,</strong></span> <span class='ocrx_word' id='word_1_818' title='bbox 3290 3636 3343 3681; x_wconf 84' lang='lat' dir='ltr'><strong>et</strong></span> <span class='ocrx_word' id='word_1_819' title='bbox 3372 3627 3515 3682; x_wconf 88' lang='lat' dir='ltr'><strong>illam</strong></span> 
     </span>
    </p>
   </div>
   <div class='ocr_carea' id='block_1_97' title="bbox 1936 3715 3510 3789">
    <p class='ocr_par' dir='ltr' id='par_1_97' title="bbox 1936 3715 3510 3789">
     <span class='ocr_line' id='line_1_97' title="bbox 1936 3715 3510 3789; baseline 0.003 -19"><span class='ocrx_word' id='word_1_820' title='bbox 1936 3721 2151 3789; x_wconf 87' lang='lat' dir='ltr'><strong>quidem</strong></span> <span class='ocrx_word' id='word_1_821' title='bbox 2179 3719 2602 3784; x_wconf 85' lang='lat' dir='ltr'><strong>observantiam,</strong></span> <span class='ocrx_word' id='word_1_822' title='bbox 2649 3735 2767 3788; x_wconf 71' lang='lat' dir='ltr'><strong>qua:</strong></span> <span class='ocrx_word' id='word_1_823' title='bbox 2806 3720 3097 3774; x_wconf 88' lang='lat' dir='ltr'><strong>secundum</strong></span> <span class='ocrx_word' id='word_1_824' title='bbox 3132 3715 3376 3772; x_wconf 70' lang='lat' dir='ltr'><strong>litteram&#39;</strong></span> <span class='ocrx_word' id='word_1_825' title='bbox 3419 3735 3510 3789; x_wconf 84' lang='lat' dir='ltr'><strong>ge-</strong></span> 
     </span>
    </p>
   </div>
   <div class='ocr_carea' id='block_1_98' title="bbox 1938 3811 3514 3882">
    <p class='ocr_par' dir='ltr' id='par_1_98' title="bbox 1938 3811 3514 3882">
     <span class='ocr_line' id='line_1_98' title="bbox 1938 3811 3514 3882; baseline 0.001 -17"><span class='ocrx_word' id='word_1_826' title='bbox 1938 3814 2097 3875; x_wconf 88' lang='lat' dir='ltr'><strong>ritur,</strong></span> <span class='ocrx_word' id='word_1_827' title='bbox 2139 3827 2353 3865; x_wconf 87' lang='lat' dir='ltr'><strong>sensum</strong></span> <span class='ocrx_word' id='word_1_828' title='bbox 2383 3812 2563 3865; x_wconf 87' lang='lat' dir='ltr'><strong>carnis</strong></span> <span class='ocrx_word' id='word_1_829' title='bbox 2589 3812 2838 3882; x_wconf 84' lang='lat' dir='ltr'><strong>appellet,</strong></span> <span class='ocrx_word' id='word_1_830' title='bbox 2890 3811 3044 3866; x_wconf 80' lang='lat' dir='ltr'><strong>sicnti</strong></span> <span class='ocrx_word' id='word_1_831' title='bbox 3078 3811 3205 3865; x_wconf 88' lang='lat' dir='ltr'><strong>dicit</strong></span> <span class='ocrx_word' id='word_1_832' title='bbox 3234 3812 3297 3864; x_wconf 87' lang='lat' dir='ltr'><strong>de</strong></span> <span class='ocrx_word' id='word_1_833' title='bbox 3330 3811 3514 3881; x_wconf 88' lang='lat' dir='ltr'><strong>hujus-</strong></span> 
     </span>
    </p>
   </div>
   <div class='ocr_carea' id='block_1_99' title="bbox 1937 3902 3514 3973">
    <p class='ocr_par' dir='ltr' id='par_1_99' title="bbox 1937 3902 3514 3973">
     <span class='ocr_line' id='line_1_99' title="bbox 1937 3902 3514 3973; baseline -0.003 -14"><span class='ocrx_word' id='word_1_834' title='bbox 1937 3905 2076 3960; x_wconf 86' lang='lat' dir='ltr'><strong>modi</strong></span> <span class='ocrx_word' id='word_1_835' title='bbox 2125 3905 2309 3959; x_wconf 64' lang='lat' dir='ltr'><strong>Iudaeo</strong></span> <span class='ocrx_word' id='word_1_836' title='bbox 2335 3902 2604 3958; x_wconf 68' lang='lat' dir='ltr'><strong>:‘Frustra</strong></span> <span class='ocrx_word' id='word_1_837' title='bbox 2651 3905 2864 3973; x_wconf 73' lang='lat' dir='ltr'><strong>iit/latus</strong></span> <span class='ocrx_word' id='word_1_838' title='bbox 2892 3923 2921 3958; x_wconf 83' lang='grc' dir='ltr'><strong>ιι</strong></span> <span class='ocrx_word' id='word_1_839' title='bbox 2953 3921 3105 3958; x_wconf 82' lang='lat' dir='ltr'><strong>sensu</strong></span> <span class='ocrx_word' id='word_1_840' title='bbox 3152 3905 3323 3957; x_wconf 86' lang='lat' dir='ltr'><strong>carnis</strong></span> <span class='ocrx_word' id='word_1_841' title='bbox 3364 3922 3514 3970; x_wconf 74' lang='lat' dir='ltr'><strong>sum;</strong></span> 
     </span>
    </p>
   </div>
   <div class='ocr_carea' id='block_1_100' title="bbox 1936 3997 3516 4069">
    <p class='ocr_par' dir='ltr' id='par_1_100' title="bbox 1936 3997 3516 4069">
     <span class='ocr_line' id='line_1_100' title="bbox 1936 3997 3516 4069; baseline -0.003 -14"><span class='ocrx_word' id='word_1_842' title='bbox 1936 4001 2080 4055; x_wconf 89' lang='lat' dir='ltr'><strong>illam</strong></span> <span class='ocrx_word' id='word_1_843' title='bbox 2110 4015 2237 4054; x_wconf 84' lang='lat' dir='ltr'><strong>vero</strong></span> <span class='ocrx_word' id='word_1_844' title='bbox 2268 4015 2388 4069; x_wconf 78' lang='lat' dir='ltr'><strong>quae</strong></span> <span class='ocrx_word' id='word_1_845' title='bbox 2422 3999 2685 4066; x_wconf 87' lang='lat' dir='ltr'><strong>accipitur</strong></span> <span class='ocrx_word' id='word_1_846' title='bbox 2711 3997 3028 4067; x_wconf 81' lang='lat' dir='ltr'><strong>spiritaliter</strong></span> <span class='ocrx_word' id='word_1_847' title='bbox 3059 3998 3305 4068; x_wconf 89' lang='lat' dir='ltr'><strong>spiritum</strong></span> <span class='ocrx_word' id='word_1_848' title='bbox 3342 3999 3516 4053; x_wconf 92' lang='lat' dir='ltr'><strong>nomi-</strong></span> 
     </span>
    </p>
   </div>
   <div class='ocr_carea' id='block_1_101' title="bbox 1936 4067 3510 4160">
    <p class='ocr_par' dir='ltr' id='par_1_101' title="bbox 1936 4067 3510 4160">
     <span class='ocr_line' id='line_1_101' title="bbox 1936 4067 3510 4160; baseline -0.004 -14"><span class='ocrx_word' id='word_1_849' title='bbox 1936 4101 2048 4156; x_wconf 87' lang='lat' dir='ltr'><strong>net,</strong></span> <span class='ocrx_word' id='word_1_850' title='bbox 2074 4092 2212 4145; x_wconf 86' lang='lat' dir='ltr'><strong>sicut</strong></span> <span class='ocrx_word' id='word_1_851' title='bbox 2247 4067 2298 4145; x_wconf 80' lang='lat' dir='ltr'><strong>et</strong></span> <span class='ocrx_word' id='word_1_852' title='bbox 2329 4067 2452 4143; x_wconf 66' lang='lat' dir='ltr'><strong>alibi</strong></span> <span class='ocrx_word' id='word_1_853' title='bbox 2487 4088 2614 4142; x_wconf 80' lang='lat' dir='ltr'><strong>dicit</strong></span> <span class='ocrx_word' id='word_1_854' title='bbox 2646 4087 2730 4160; x_wconf 90' lang='lat' dir='ltr'><strong>(Il</strong></span> <span class='ocrx_word' id='word_1_855' title='bbox 2765 4088 2886 4143; x_wconf 86' lang='lat' dir='ltr'><strong>Cor.</strong></span> <span class='ocrx_word' id='word_1_856' title='bbox 2919 4087 2998 4160; x_wconf 82' lang='lat' dir='ltr'><strong>in)</strong></span> <span class='ocrx_word' id='word_1_857' title='bbox 3032 4106 3042 4140; x_wconf 94' lang='lat'>:</span> <span class='ocrx_word' id='word_1_858' title='bbox 3081 4067 3275 4141; x_wconf 71' lang='lat' dir='ltr'><strong>Littera</strong></span> <span class='ocrx_word' id='word_1_859' title='bbox 3301 4089 3510 4154; x_wconf 74' lang='lat' dir='ltr'><strong>occidit,</strong></span> 
     </span>
    </p>
   </div>
   <div class='ocr_carea' id='block_1_102' title="bbox 1934 4181 3510 4255">
    <p class='ocr_par' dir='ltr' id='par_1_102' title="bbox 1934 4181 3510 4255">
     <span class='ocr_line' id='line_1_102' title="bbox 1934 4181 3510 4255; baseline -0.003 -17"><span class='ocrx_word' id='word_1_860' title='bbox 1934 4186 2147 4255; x_wconf 84' lang='lat' dir='ltr'><strong>spiritus</strong></span> <span class='ocrx_word' id='word_1_861' title='bbox 2198 4193 2371 4236; x_wconf 76' lang='lat' dir='ltr'><strong>autem</strong></span> <span class='ocrx_word' id='word_1_862' title='bbox 2424 4183 2685 4250; x_wconf 73' lang='lat' dir='ltr'><strong>riviﬁcat;</strong></span> <span class='ocrx_word' id='word_1_863' title='bbox 2726 4192 2778 4237; x_wconf 88' lang='lat' dir='ltr'><strong>et</strong></span> <span class='ocrx_word' id='word_1_864' title='bbox 2825 4183 2876 4235; x_wconf 91' lang='lat' dir='ltr'><strong>in</strong></span> <span class='ocrx_word' id='word_1_865' title='bbox 2917 4181 3018 4236; x_wconf 89' lang='lat' dir='ltr'><strong>hoc</strong></span> <span class='ocrx_word' id='word_1_866' title='bbox 3055 4197 3182 4249; x_wconf 84' lang='lat' dir='ltr'><strong>ergo</strong></span> <span class='ocrx_word' id='word_1_867' title='bbox 3214 4183 3329 4234; x_wconf 83' lang='lat' dir='ltr'><strong>loco</strong></span> <span class='ocrx_word' id='word_1_868' title='bbox 3370 4181 3510 4251; x_wconf 88' lang='lat' dir='ltr'><strong>quod</strong></span> 
     </span>
    </p>
   </div>
   <div class='ocr_carea' id='block_1_103' title="bbox 1933 4273 3515 4345">
    <p class='ocr_par' dir='ltr' id='par_1_103' title="bbox 1933 4273 3515 4345">
     <span class='ocr_line' id='line_1_103' title="bbox 1933 4273 3515 4345; baseline -0.004 -15"><span class='ocrx_word' id='word_1_869' title='bbox 1933 4275 2081 4338; x_wconf 80' lang='lat' dir='ltr'><strong>dicit,</strong></span> <span class='ocrx_word' id='word_1_870' title='bbox 2113 4274 2425 4345; x_wconf 87' lang='lat' dir='ltr'><strong>impossibile</strong></span> <span class='ocrx_word' id='word_1_871' title='bbox 2475 4274 2618 4343; x_wconf 71' lang='lat' dir='ltr'><strong>legis,</strong></span> <span class='ocrx_word' id='word_1_872' title='bbox 2655 4284 2701 4327; x_wconf 87' lang='lat' dir='ltr'><strong>et</strong></span> <span class='ocrx_word' id='word_1_873' title='bbox 2758 4275 2809 4327; x_wconf 80' lang='lat' dir='ltr'><strong>in</strong></span> <span class='ocrx_word' id='word_1_874' title='bbox 2868 4291 2968 4344; x_wconf 84' lang='lat' dir='ltr'><strong>quo</strong></span> <span class='ocrx_word' id='word_1_875' title='bbox 3012 4273 3377 4342; x_wconf 80' lang='lat' dir='ltr'><strong>iuﬁunabatur</strong></span> <span class='ocrx_word' id='word_1_876' title='bbox 3425 4289 3515 4341; x_wconf 82' lang='lat' dir='ltr'><strong>per</strong></span> 
     </span>
    </p>
   </div>
   <div class='ocr_carea' id='block_1_104' title="bbox 1933 4365 3512 4440">
    <p class='ocr_par' dir='ltr' id='par_1_104' title="bbox 1933 4365 3512 4440">
     <span class='ocr_line' id='line_1_104' title="bbox 1933 4365 3512 4440; baseline -0.003 -17"><span class='ocrx_word' id='word_1_877' title='bbox 1933 4371 2165 4434; x_wconf 75' lang='lat' dir='ltr'><strong>carnem,</strong></span> <span class='ocrx_word' id='word_1_878' title='bbox 2201 4367 2523 4432; x_wconf 82' lang='lat' dir='ltr'><strong>intellectus,</strong></span> <span class='ocrx_word' id='word_1_879' title='bbox 2573 4367 2661 4440; x_wconf 76' lang='lat' dir='ltr'><strong>qui</strong></span> <span class='ocrx_word' id='word_1_880' title='bbox 2697 4367 2989 4422; x_wconf 88' lang='lat' dir='ltr'><strong>secundum</strong></span> <span class='ocrx_word' id='word_1_881' title='bbox 3019 4365 3252 4418; x_wconf 88' lang='lat' dir='ltr'><strong>litteram</strong></span> <span class='ocrx_word' id='word_1_882' title='bbox 3282 4373 3386 4428; x_wconf 87' lang='lat' dir='ltr'><strong>est,</strong></span> <span class='ocrx_word' id='word_1_883' title='bbox 3417 4380 3512 4419; x_wconf 84' lang='lat' dir='ltr'><strong>ac-</strong></span> 
     </span>
    </p>
   </div>
   <div class='ocr_carea' id='block_1_105' title="bbox 1933 4457 3551 4532">
    <p class='ocr_par' dir='ltr' id='par_1_105' title="bbox 1933 4457 3551 4532">
     <span class='ocr_line' id='line_1_105' title="bbox 1933 4457 3551 4532; baseline -0.002 -18"><span class='ocrx_word' id='word_1_884' title='bbox 1933 4461 2034 4530; x_wconf 89' lang='lat' dir='ltr'><strong>cipi</strong></span> <span class='ocrx_word' id='word_1_885' title='bbox 2069 4469 2240 4532; x_wconf 83' lang='lat' dir='ltr'><strong>potest</strong></span> <span class='ocrx_word' id='word_1_886' title='bbox 2268 4477 2280 4513; x_wconf 95' lang='lat'><strong>:</strong></span> <span class='ocrx_word' id='word_1_887' title='bbox 2311 4462 2422 4530; x_wconf 86' lang='lat' dir='ltr'><strong>ipse.</strong></span> <span class='ocrx_word' id='word_1_888' title='bbox 2446 4461 2588 4516; x_wconf 88' lang='lat' dir='ltr'><strong>enim</strong></span> <span class='ocrx_word' id='word_1_889' title='bbox 2616 4467 2665 4513; x_wconf 88' lang='lat' dir='ltr'><strong>et</strong></span> <span class='ocrx_word' id='word_1_890' title='bbox 2694 4457 3038 4528; x_wconf 85' lang='lat' dir='ltr'><strong>impossibilis</strong></span> <span class='ocrx_word' id='word_1_891' title='bbox 3059 4466 3242 4511; x_wconf 88' lang='lat' dir='ltr'><strong>eratet</strong></span> <span class='ocrx_word' id='word_1_892' title='bbox 3268 4457 3510 4510; x_wconf 85' lang='lat' dir='ltr'><strong>inﬁrmus</strong></span> <span class='ocrx_word' id='word_1_893' title='bbox 3549 4527 3551 4529; x_wconf 16' lang='grc' dir='ltr'><strong><em>ι</em></strong></span> 
     </span>
    </p>
   </div>
   <div class='ocr_carea' id='block_1_106' title="bbox 1857 4547 3511 4614">
    <p class='ocr_par' dir='ltr' id='par_1_106' title="bbox 1857 4547 3511 4614">
     <span class='ocr_line' id='line_1_106' title="bbox 1857 4547 3511 4614; baseline -0.004 -9"><span class='ocrx_word' id='word_1_894' title='bbox 1857 4549 1907 4614; x_wconf 70' lang='grc' dir='ltr'>ἠ</span> <span class='ocrx_word' id='word_1_895' title='bbox 1929 4553 1974 4605; x_wconf 81' lang='lat' dir='ltr'><strong>si</strong></span> <span class='ocrx_word' id='word_1_896' title='bbox 2005 4552 2295 4605; x_wconf 80' lang='lat' dir='ltr'><strong>secundum</strong></span> <span class='ocrx_word' id='word_1_897' title='bbox 2324 4567 2567 4614; x_wconf 83' lang='lat' dir='ltr'><strong>carnem,</strong></span> <span class='ocrx_word' id='word_1_898' title='bbox 2591 4547 2644 4602; x_wconf 90' lang='lat' dir='ltr'><strong>id</strong></span> <span class='ocrx_word' id='word_1_899' title='bbox 2671 4557 2773 4612; x_wconf 88' lang='lat' dir='ltr'><strong>est,</strong></span> <span class='ocrx_word' id='word_1_900' title='bbox 2807 4549 3099 4602; x_wconf 86' lang='lat' dir='ltr'><strong>secundum</strong></span> <span class='ocrx_word' id='word_1_901' title='bbox 3129 4548 3360 4601; x_wconf 86' lang='lat' dir='ltr'><strong>litteram</strong></span> <span class='ocrx_word' id='word_1_902' title='bbox 3384 4563 3511 4600; x_wconf 88' lang='lat' dir='ltr'><strong>seu-</strong></span> 
     </span>
    </p>
   </div>
   <div class='ocr_carea' id='block_1_107' title="bbox 1860 4593 1907 4653">
    <p class='ocr_par' dir='ltr' id='par_1_107' title="bbox 1860 4593 1907 4653">
     <span class='ocr_line' id='line_1_107' title="bbox 1860 4593 1907 4653; baseline 0 0"><span class='ocrx_word' id='word_1_903' title='bbox 1860 4593 1907 4653; x_wconf 78' lang='grc' dir='ltr'><strong>Ι)</strong></span> 
     </span>
    </p>
   </div>
   <div class='ocr_carea' id='block_1_108' title="bbox 1934 4627 3510 4709">
    <p class='ocr_par' dir='ltr' id='par_1_108' title="bbox 1934 4627 3510 4709">
     <span class='ocr_line' id='line_1_108' title="bbox 1934 4627 3510 4709; baseline -0.005 -13"><span class='ocrx_word' id='word_1_904' title='bbox 1934 4645 2144 4698; x_wconf 82' lang='lat' dir='ltr'><strong>tiretur.</strong></span> <span class='ocrx_word' id='word_1_905' title='bbox 2177 4643 2314 4709; x_wconf 87' lang='lat' dir='ltr'><strong>Quid</strong></span> <span class='ocrx_word' id='word_1_906' title='bbox 2351 4643 2494 4694; x_wconf 91' lang='lat' dir='ltr'><strong>enim</strong></span> <span class='ocrx_word' id='word_1_907' title='bbox 2527 4650 2632 4692; x_wconf 89' lang='lat' dir='ltr'><strong>tam</strong></span> <span class='ocrx_word' id='word_1_908' title='bbox 2667 4639 2995 4707; x_wconf 83' lang='lat' dir='ltr'><strong>impossibile</strong></span> <span class='ocrx_word' id='word_1_909' title='bbox 3025 4627 3056 4701; x_wconf 71' lang='grc'>,⁸</span> <span class='ocrx_word' id='word_1_910' title='bbox 3091 4653 3251 4706; x_wconf 88' lang='lat' dir='ltr'><strong>quam</strong></span> <span class='ocrx_word' id='word_1_911' title='bbox 3300 4637 3510 4688; x_wconf 81' lang='lat' dir='ltr'><strong>sabbati</strong></span> 
     </span>
    </p>
   </div>
   <div class='ocr_carea' id='block_1_109' title="bbox 1932 4726 3512 4794">
    <p class='ocr_par' dir='ltr' id='par_1_109' title="bbox 1932 4726 3512 4794">
     <span class='ocr_line' id='line_1_109' title="bbox 1932 4726 3512 4794; baseline -0.004 -8"><span class='ocrx_word' id='word_1_912' title='bbox 1932 4735 2237 4787; x_wconf 83' lang='lat' dir='ltr'><strong>observatio</strong></span> <span class='ocrx_word' id='word_1_913' title='bbox 2267 4774 2278 4794; x_wconf 92' lang='lat'><strong>,</strong></span> <span class='ocrx_word' id='word_1_914' title='bbox 2334 4732 2624 4786; x_wconf 87' lang='lat' dir='ltr'><strong>sccumlum</strong></span> <span class='ocrx_word' id='word_1_915' title='bbox 2686 4729 2916 4783; x_wconf 90' lang='lat' dir='ltr'><strong>litteram</strong></span> <span class='ocrx_word' id='word_1_916' title='bbox 2965 4726 3096 4783; x_wconf 78' lang='lat' dir='ltr'><strong>Iecis</strong></span> <span class='ocrx_word' id='word_1_917' title='bbox 3141 4727 3285 4780; x_wconf 82' lang='lat' dir='ltr'><strong>utin</strong></span> <span class='ocrx_word' id='word_1_918' title='bbox 3331 4726 3512 4779; x_wconf 88' lang='lat' dir='ltr'><strong>multis</strong></span> 
     </span>
    </p>
   </div>
   <div class='ocr_carea' id='block_1_110' title="bbox 1925 4815 3510 4894">
    <p class='ocr_par' dir='ltr' id='par_1_110' title="bbox 1925 4815 3510 4894">
     <span class='ocr_line' id='line_1_110' title="bbox 1925 4815 3510 4894; baseline -0.005 -18"><span class='ocrx_word' id='word_1_919' title='bbox 1925 4824 2036 4894; x_wconf 86' lang='lat' dir='ltr'><strong>jam</strong></span> <span class='ocrx_word' id='word_1_920' title='bbox 2068 4823 2299 4876; x_wconf 82' lang='lat' dir='ltr'><strong>diximus</strong></span> <span class='ocrx_word' id='word_1_921' title='bbox 2335 4839 2345 4875; x_wconf 75' lang='grc' dir='ltr'>ε</span> <span class='ocrx_word' id='word_1_922' title='bbox 2374 4820 2593 4887; x_wconf 67' lang='lat' dir='ltr'><strong>iubetur</strong></span> <span class='ocrx_word' id='word_1_923' title='bbox 2621 4819 2763 4872; x_wconf 91' lang='lat' dir='ltr'><strong>enim</strong></span> <span class='ocrx_word' id='word_1_924' title='bbox 2803 4833 2903 4871; x_wconf 90' lang='lat' dir='ltr'><strong>non</strong></span> <span class='ocrx_word' id='word_1_925' title='bbox 2935 4815 3082 4870; x_wconf 86' lang='lat' dir='ltr'><strong>exire</strong></span> <span class='ocrx_word' id='word_1_926' title='bbox 3112 4817 3177 4870; x_wconf 84' lang='lat' dir='ltr'><strong>de</strong></span> <span class='ocrx_word' id='word_1_927' title='bbox 3206 4817 3382 4879; x_wconf 90' lang='lat' dir='ltr'><strong>domo,</strong></span> <span class='ocrx_word' id='word_1_928' title='bbox 3406 4832 3510 4869; x_wconf 92' lang='lat' dir='ltr'><strong>non</strong></span> 
     </span>
    </p>
   </div>
   <div class='ocr_carea' id='block_1_111' title="bbox 1931 4902 3508 4979">
    <p class='ocr_par' dir='ltr' id='par_1_111' title="bbox 1931 4902 3508 4979">
     <span class='ocr_line' id='line_1_111' title="bbox 1931 4902 3508 4979; baseline -0.006 -7"><span class='ocrx_word' id='word_1_929' title='bbox 1931 4936 1990 4972; x_wconf 87' lang='lat' dir='ltr'><strong>se</strong></span> <span class='ocrx_word' id='word_1_930' title='bbox 2022 4934 2235 4971; x_wconf 76' lang='lat' dir='ltr'><strong>movere</strong></span> <span class='ocrx_word' id='word_1_931' title='bbox 2264 4919 2326 4970; x_wconf 87' lang='lat' dir='ltr'><strong>de</strong></span> <span class='ocrx_word' id='word_1_932' title='bbox 2351 4917 2465 4968; x_wconf 89' lang='lat' dir='ltr'><strong>loco</strong></span> <span class='ocrx_word' id='word_1_933' title='bbox 2492 4930 2608 4977; x_wconf 88' lang='lat' dir='ltr'><strong>suo,</strong></span> <span class='ocrx_word' id='word_1_934' title='bbox 2637 4914 2774 4967; x_wconf 87' lang='lat' dir='ltr'><strong>nihil</strong></span> <span class='ocrx_word' id='word_1_935' title='bbox 2794 4902 2975 4967; x_wconf 51' lang='lat' dir='ltr'><strong>oneiis</strong></span> <span class='ocrx_word' id='word_1_936' title='bbox 2999 4912 3193 4964; x_wconf 60' lang='lat' dir='ltr'><strong>luvare.</strong></span> <span class='ocrx_word' id='word_1_937' title='bbox 3225 4909 3353 4976; x_wconf 63' lang='lat' dir='ltr'><strong>Qua!</strong></span> <span class='ocrx_word' id='word_1_938' title='bbox 3383 4911 3508 4979; x_wconf 88' lang='lat' dir='ltr'><strong>quia</strong></span> 
     </span>
    </p>
   </div>
   <div class='ocr_carea' id='block_1_112' title="bbox 1933 4999 3513 5077">
    <p class='ocr_par' dir='ltr' id='par_1_112' title="bbox 1933 4999 3513 5077">
     <span class='ocr_line' id='line_1_112' title="bbox 1933 4999 3513 5077; baseline -0.006 -15"><span class='ocrx_word' id='word_1_939' title='bbox 1933 5009 2282 5077; x_wconf 79' lang='lat' dir='ltr'><strong>impossibilia</strong></span> <span class='ocrx_word' id='word_1_940' title='bbox 2319 5006 2503 5059; x_wconf 88' lang='lat' dir='ltr'><strong>vident</strong></span> <span class='ocrx_word' id='word_1_941' title='bbox 2528 5003 2694 5058; x_wconf 71' lang='lat' dir='ltr'><strong>Jmlmi</strong></span> <span class='ocrx_word' id='word_1_942' title='bbox 2726 5005 2814 5072; x_wconf 87' lang='lat' dir='ltr'><strong>qui</strong></span> <span class='ocrx_word' id='word_1_943' title='bbox 2848 5001 3137 5056; x_wconf 88' lang='lat' dir='ltr'><strong>secundum</strong></span> <span class='ocrx_word' id='word_1_944' title='bbox 3171 5016 3383 5053; x_wconf 89' lang='lat' dir='ltr'><strong>carnem</strong></span> <span class='ocrx_word' id='word_1_945' title='bbox 3439 4999 3513 5053; x_wconf 89' lang='lat' dir='ltr'><strong>le—</strong></span> 
     </span>
    </p>
   </div>
   <div class='ocr_carea' id='block_1_113' title="bbox 1935 5092 3508 5168">
    <p class='ocr_par' dir='ltr' id='par_1_113' title="bbox 1935 5092 3508 5168">
     <span class='ocr_line' id='line_1_113' title="bbox 1935 5092 3508 5168; baseline -0.004 -16"><span class='ocrx_word' id='word_1_946' title='bbox 1935 5115 2052 5168; x_wconf 76' lang='lat' dir='ltr'><strong>gem</strong></span> <span class='ocrx_word' id='word_1_947' title='bbox 2078 5100 2382 5158; x_wconf 77' lang='lat' dir='ltr'><strong>observant,</strong></span> <span class='ocrx_word' id='word_1_948' title='bbox 2414 5097 2587 5164; x_wconf 87' lang='lat' dir='ltr'><strong>inepta</strong></span> <span class='ocrx_word' id='word_1_949' title='bbox 2617 5096 2859 5163; x_wconf 33' lang='lat' dir='ltr'><strong>quatiam</strong></span> <span class='ocrx_word' id='word_1_950' title='bbox 2899 5101 2954 5146; x_wconf 90' lang='lat' dir='ltr'><strong>et</strong></span> <span class='ocrx_word' id='word_1_951' title='bbox 2977 5092 3198 5145; x_wconf 82' lang='lat' dir='ltr'><strong>ridicula</strong></span> <span class='ocrx_word' id='word_1_952' title='bbox 3232 5107 3508 5145; x_wconf 86' lang='lat' dir='ltr'><strong>commcn-</strong></span> 
     </span>
    </p>
   </div>
   <div class='ocr_carea' id='block_1_114' title="bbox 1937 5182 3510 5256">
    <p class='ocr_par' dir='ltr' id='par_1_114' title="bbox 1937 5182 3510 5256">
     <span class='ocr_line' id='line_1_114' title="bbox 1937 5182 3510 5256; baseline -0.004 -14"><span class='ocrx_word' id='word_1_953' title='bbox 1937 5198 2134 5249; x_wconf 86' lang='lat' dir='ltr'><strong>tanlur,</strong></span> <span class='ocrx_word' id='word_1_954' title='bbox 2173 5189 2367 5256; x_wconf 89' lang='lat' dir='ltr'><strong>quibus</strong></span> <span class='ocrx_word' id='word_1_955' title='bbox 2393 5185 2880 5256; x_wconf 79' lang='lat' dir='ltr'><strong>impossibilitatem</strong></span> <span class='ocrx_word' id='word_1_956' title='bbox 2916 5182 3044 5252; x_wconf 80' lang='lat' dir='ltr'><strong>legis</strong></span> <span class='ocrx_word' id='word_1_957' title='bbox 3070 5183 3271 5236; x_wconf 86' lang='lat' dir='ltr'><strong>sarcire</strong></span> <span class='ocrx_word' id='word_1_958' title='bbox 3296 5182 3510 5236; x_wconf 49' lang='lat' dir='ltr'><strong>videan-</strong></span> 
     </span>
    </p>
   </div>
   <div class='ocr_carea' id='block_1_115' title="bbox 1935 5275 3505 5346">
    <p class='ocr_par' dir='ltr' id='par_1_115' title="bbox 1935 5275 3505 5346">
     <span class='ocr_line' id='line_1_115' title="bbox 1935 5275 3505 5346; baseline -0.003 -15"><span class='ocrx_word' id='word_1_959' title='bbox 1935 5289 2038 5334; x_wconf 89' lang='lat' dir='ltr'><strong>tur.</strong></span> <span class='ocrx_word' id='word_1_960' title='bbox 2093 5280 2230 5346; x_wconf 72' lang='lat' dir='ltr'><strong>Qnid</strong></span> <span class='ocrx_word' id='word_1_961' title='bbox 2277 5287 2455 5332; x_wconf 87' lang='lat' dir='ltr'><strong>autem</strong></span> <span class='ocrx_word' id='word_1_962' title='bbox 2503 5278 2677 5331; x_wconf 88' lang='lat' dir='ltr'><strong>dicam</strong></span> <span class='ocrx_word' id='word_1_963' title='bbox 2719 5278 2784 5331; x_wconf 91' lang='lat' dir='ltr'><strong>de</strong></span> <span class='ocrx_word' id='word_1_964' title='bbox 2836 5275 3223 5330; x_wconf 81' lang='lat' dir='ltr'><strong>sacriﬁciorum</strong></span> <span class='ocrx_word' id='word_1_965' title='bbox 3259 5275 3462 5328; x_wconf 83' lang='lat' dir='ltr'><strong>ratione</strong></span> <span class='ocrx_word' id='word_1_966' title='bbox 3493 5315 3505 5336; x_wconf 87' lang='lat'><strong>,</strong></span> 
     </span>
    </p>
   </div>
   <div class='ocr_carea' id='block_1_116' title="bbox 1933 5364 3509 5440">
    <p class='ocr_par' dir='ltr' id='par_1_116' title="bbox 1933 5364 3509 5440">
     <span class='ocr_line' id='line_1_116' title="bbox 1933 5364 3509 5440; baseline -0.005 -16"><span class='ocrx_word' id='word_1_967' title='bbox 1933 5387 2051 5440; x_wconf 76' lang='lat' dir='ltr'><strong>quze</strong></span> <span class='ocrx_word' id='word_1_968' title='bbox 2081 5369 2243 5422; x_wconf 82' lang='lat' dir='ltr'><strong>simul</strong></span> <span class='ocrx_word' id='word_1_969' title='bbox 2268 5369 2444 5422; x_wconf 89' lang='lat' dir='ltr'><strong>omnis</strong></span> <span class='ocrx_word' id='word_1_970' title='bbox 2473 5382 2535 5421; x_wconf 86' lang='lat' dir='ltr'><strong>ex</strong></span> <span class='ocrx_word' id='word_1_971' title='bbox 2569 5369 2777 5436; x_wconf 84' lang='lat' dir='ltr'><strong>integro</strong></span> <span class='ocrx_word' id='word_1_972' title='bbox 2825 5365 3167 5435; x_wconf 84' lang='lat' dir='ltr'><strong>impossibilis</strong></span> <span class='ocrx_word' id='word_1_973' title='bbox 3209 5364 3352 5420; x_wconf 77' lang='lat' dir='ltr'><strong>facta</strong></span> <span class='ocrx_word' id='word_1_974' title='bbox 3383 5364 3509 5418; x_wconf 86' lang='lat' dir='ltr'><strong>est?</strong></span> 
     </span>
    </p>
   </div>
   <div class='ocr_carea' id='block_1_117' title="bbox 1935 5455 3510 5528">
    <p class='ocr_par' dir='ltr' id='par_1_117' title="bbox 1935 5455 3510 5528">
     <span class='ocr_line' id='line_1_117' title="bbox 1935 5455 3510 5528; baseline -0.004 -16"><span class='ocrx_word' id='word_1_975' title='bbox 1935 5461 2141 5528; x_wconf 88' lang='lat' dir='ltr'><strong>Quippe</strong></span> <span class='ocrx_word' id='word_1_976' title='bbox 2167 5459 2256 5512; x_wconf 86' lang='lat' dir='ltr'><strong>ubi</strong></span> <span class='ocrx_word' id='word_1_977' title='bbox 2288 5472 2385 5510; x_wconf 86' lang='lat' dir='ltr'><strong>nec</strong></span> <span class='ocrx_word' id='word_1_978' title='bbox 2430 5457 2686 5526; x_wconf 86' lang='lat' dir='ltr'><strong>templum</strong></span> <span class='ocrx_word' id='word_1_979' title='bbox 2731 5466 2812 5510; x_wconf 86' lang='lat' dir='ltr'><strong>est</strong></span> <span class='ocrx_word' id='word_1_980' title='bbox 2837 5498 2851 5520; x_wconf 94' lang='lat'><strong>,</strong></span> <span class='ocrx_word' id='word_1_981' title='bbox 2897 5471 2995 5510; x_wconf 89' lang='lat' dir='ltr'><strong>nec</strong></span> <span class='ocrx_word' id='word_1_982' title='bbox 3032 5457 3224 5519; x_wconf 83' lang='lat' dir='ltr'><strong>altare,</strong></span> <span class='ocrx_word' id='word_1_983' title='bbox 3251 5473 3349 5510; x_wconf 86' lang='lat' dir='ltr'><strong>nec.</strong></span> <span class='ocrx_word' id='word_1_984' title='bbox 3373 5455 3510 5506; x_wconf 90' lang='lat' dir='ltr'><strong>ullus</strong></span> 
     </span>
    </p>
   </div>
   <div class='ocr_carea' id='block_1_118' title="bbox 1929 5545 3505 5623">
    <p class='ocr_par' dir='ltr' id='par_1_118' title="bbox 1929 5545 3505 5623">
     <span class='ocr_line' id='line_1_118' title="bbox 1929 5545 3505 5623; baseline -0.006 -18"><span class='ocrx_word' id='word_1_985' title='bbox 1929 5568 2151 5623; x_wconf 87' lang='lat' dir='ltr'><strong>prorsus</strong></span> <span class='ocrx_word' id='word_1_986' title='bbox 2198 5547 2534 5603; x_wconf 79' lang='lat' dir='ltr'><strong>sacriﬁcandi</strong></span> <span class='ocrx_word' id='word_1_987' title='bbox 2587 5548 2773 5612; x_wconf 87' lang='lat' dir='ltr'><strong>locus;</strong></span> <span class='ocrx_word' id='word_1_988' title='bbox 2809 5548 2862 5600; x_wconf 91' lang='lat' dir='ltr'><strong>iu</strong></span> <span class='ocrx_word' id='word_1_989' title='bbox 2891 5547 3085 5616; x_wconf 88' lang='lat' dir='ltr'><strong>quibus</strong></span> <span class='ocrx_word' id='word_1_990' title='bbox 3127 5547 3346 5617; x_wconf 82' lang='lat' dir='ltr'><strong>singulis</strong></span> <span class='ocrx_word' id='word_1_991' title='bbox 3381 5545 3463 5596; x_wconf 81' lang='lat' dir='ltr'><strong>lex</strong></span> <span class='ocrx_word' id='word_1_992' title='bbox 3492 5584 3505 5605; x_wconf 90' lang='lat'><strong>,</strong></span> 
     </span>
    </p>
   </div>
   <div class='ocr_carea' id='block_1_119' title="bbox 1929 5638 3506 5708">
    <p class='ocr_par' dir='ltr' id='par_1_119' title="bbox 1929 5638 3506 5708">
     <span class='ocr_line' id='line_1_119' title="bbox 1929 5638 3506 5708; baseline -0.005 -10"><span class='ocrx_word' id='word_1_993' title='bbox 1929 5660 2040 5698; x_wconf 84' lang='lat' dir='ltr'><strong>non</strong></span> <span class='ocrx_word' id='word_1_994' title='bbox 2063 5643 2236 5696; x_wconf 85' lang='lat' dir='ltr'><strong>dicam</strong></span> <span class='ocrx_word' id='word_1_995' title='bbox 2265 5640 2612 5708; x_wconf 74' lang='lat' dir='ltr'><strong>impossibilia</strong></span> <span class='ocrx_word' id='word_1_996' title='bbox 2641 5649 2692 5692; x_wconf 89' lang='lat' dir='ltr'><strong>et</strong></span> <span class='ocrx_word' id='word_1_997' title='bbox 2725 5639 2957 5702; x_wconf 87' lang='lat' dir='ltr'><strong>inﬁrma,</strong></span> <span class='ocrx_word' id='word_1_998' title='bbox 2993 5642 3084 5694; x_wconf 84' lang='lat' dir='ltr'><strong>sed</strong></span> <span class='ocrx_word' id='word_1_999' title='bbox 3115 5649 3166 5693; x_wconf 86' lang='lat' dir='ltr'><strong>et</strong></span> <span class='ocrx_word' id='word_1_1000' title='bbox 3203 5641 3358 5705; x_wconf 86' lang='lat' dir='ltr'><strong>plane</strong></span> <span class='ocrx_word' id='word_1_1001' title='bbox 3396 5638 3506 5706; x_wconf 87' lang='lat' dir='ltr'><strong>jam</strong></span> 
     </span>
    </p>
   </div>
   <div class='ocr_carea' id='block_1_120' title="bbox 1932 5729 3505 5794">
    <p class='ocr_par' dir='ltr' id='par_1_120' title="bbox 1932 5729 3505 5794">
     <span class='ocr_line' id='line_1_120' title="bbox 1932 5729 3505 5794; baseline -0.005 -5"><span class='ocrx_word' id='word_1_1002' title='bbox 1932 5744 2140 5790; x_wconf 88' lang='lat' dir='ltr'><strong>mortua</strong></span> <span class='ocrx_word' id='word_1_1003' title='bbox 2171 5740 2271 5786; x_wconf 82' lang='lat' dir='ltr'><strong>est.</strong></span> <span class='ocrx_word' id='word_1_1004' title='bbox 2305 5730 2435 5785; x_wconf 82' lang='lat' dir='ltr'><strong>Nam</strong></span> <span class='ocrx_word' id='word_1_1005' title='bbox 2481 5740 2604 5786; x_wconf 85' lang='lat' dir='ltr'><strong>ante</strong></span> <span class='ocrx_word' id='word_1_1006' title='bbox 2640 5733 2779 5786; x_wconf 90' lang='lat' dir='ltr'><strong>hanc</strong></span> <span class='ocrx_word' id='word_1_1007' title='bbox 2829 5741 3057 5786; x_wconf 86' lang='lat' dir='ltr'><strong>mortem</strong></span> <span class='ocrx_word' id='word_1_1008' title='bbox 3092 5729 3466 5783; x_wconf 69' lang='lat' dir='ltr'><strong>il‘lﬁl‘ltlttbaltll‘</strong></span> <span class='ocrx_word' id='word_1_1009' title='bbox 3492 5769 3505 5794; x_wconf 96' lang='lat'><strong>,</strong></span> 
     </span>
    </p>
   </div>
   <div class='ocr_carea' id='block_1_121' title="bbox 1931 5822 3505 5896">
    <p class='ocr_par' dir='ltr' id='par_1_121' title="bbox 1931 5822 3505 5896">
     <span class='ocr_line' id='line_1_121' title="bbox 1931 5822 3505 5896; baseline -0.006 -13"><span class='ocrx_word' id='word_1_1010' title='bbox 1931 5835 2065 5883; x_wconf 84' lang='lat' dir='ltr'><strong>tunc</strong></span> <span class='ocrx_word' id='word_1_1011' title='bbox 2088 5841 2211 5882; x_wconf 87' lang='lat' dir='ltr'><strong>cum</strong></span> <span class='ocrx_word' id='word_1_1012' title='bbox 2242 5825 2500 5896; x_wconf 80' lang='lat' dir='ltr'><strong>sanguine</strong></span> <span class='ocrx_word' id='word_1_1013' title='bbox 2531 5825 2816 5880; x_wconf 78' lang='lat' dir='ltr'><strong>vitulorum</strong></span> <span class='ocrx_word' id='word_1_1014' title='bbox 2860 5833 2916 5880; x_wconf 88' lang='lat' dir='ltr'><strong>et</strong></span> <span class='ocrx_word' id='word_1_1015' title='bbox 2948 5826 3219 5880; x_wconf 89' lang='lat' dir='ltr'><strong>hircorum</strong></span> <span class='ocrx_word' id='word_1_1016' title='bbox 3271 5822 3505 5877; x_wconf 85' lang='lat' dir='ltr'><strong>conaba-</strong></span> 
     </span>
    </p>
   </div>
  </div>
