4000 6398
494 364 523 416 'J
532 361 643 419 £39

1112 374 1117 383 τ
1138 356 1203 410 tr.
1240 351 1505 410 mum
1524 344 1748 407 mum
1787 332 2097 405 ARCHIEP.

2198 326 2471 402 deum:
2490 322 2773 400 omam
2788 314 2990 399 φης
3012 316 3113 398 ‘m'.
3134 332 3141 345 '

3706 332 3855 388 IlI-ﬁ

489 486 610 537 tur,
629 486 735 528 nec
758 481 936 526 tumul
954 512 961 521 ι
978 466 1456 540 ροιθηιγωῠπθ
1475 476 1720 538 peccata,
1752 471 1806 521 et
1835 464 2077 518 inlirma-
2098 446 2153 523 ιλ
2180 450 2639 533 Satanas,‘amisit
2664 457 2959 513 dominium
2984 438 3320 512 retentarum
3349 444 3773 515 animarum.
3803 464 3859 504 ι

500 569 658 623 batur
681 562 973 636 indegihu‘s
999 564 1189 634 leprae,
1208 558 1487 632 quis‘nee
1524 561 1815 630 erplanare
1845 572 2082 629 unquam

498 655 673 724 potuit
695 696 713 718 ,
751 652 1135 723 nectimplere.
1162 652 1501 721 ln‘hisergo
1532 652 1804 713 omnibus,
1858 650 2085 720 aliisque

501 745 801 805 innumeris
828 751 888 799 et
908 743 1262 813 impossibilis
1288 753 1412 797 erat
1440 743 1545 807 lex,
1584 751 1641 795 et
1683 740 2083 809 inlirmabatur,

498 838 882 908 quantum'atl
935 836 1116 892 carnis
1162 834 1572 904 intelligentiam
1618 844 1849 906 spectat.
1900 837 2084 909 (Λιιρ.)

500 930 670 989 Aliter
688 937 872 985 autem
898 943 995 997 per
1017 927 1139 988 hoc,
1167 928 1306 996 quod
1334 927 1429 991 ait,
1449 942 1545 996 per
1571 940 1791 982 carnem
1822 928 2086 982 infirmari

502 1021 697 1090 legem,
723 1018 1161 1075 manifestissime
1182 1016 1345 1073 docet
1362 1018 1659 1086 eademque
1681 1018 1792 1086 ipsa
1815 1016 2086 1087 praecepta

503 1111 639 1180 legis
663 1118 947 1181 propterea
996 1125 1103 1164 non
1142 1109 1402 1179 impleta,
1453 1110 1708 1177 quoniam
1738 1110 1935 1178 quibus
1961 1110 2085 1164 data

504 1211 624 1263 erat
650 1202 734 1259 lett
758 1209 886 1258 ante
904 1202 1139 1273 gratiam
1169 1200 1336 1255 dediti
1379 1209 1535 1253 erant
1564 1200 1872 1254 carnalibus
1906 1200 2085 1264 bonis,

504 1302 558 1349 et
581 1308 648 1348 ex
678 1293 764 1350 his
791 1291 1184 1349 beatitudinem
1236 1290 1523 1360 acquirere
1569 1290 1882 1359 cupiebant,
1914 1302 2088 1359 neque

506 1384 835 1446 metuebam,
861 1381 969 1436 nisi
987 1396 1111 1436 cum
1137 1379 1446 1436 carnalibus
1474 1379 1632 1433 bonis
1658 1378 1972 1433 imminebat
1993 1378 2089 1433 ade

505 1474 768 1538 versitas;
797 1481 852 1527 et
884 1472 1007 1527 ideo
1026 1484 1149 1527 cum
1181 1471 1272 1525 illa
1299 1469 1614 1539 temporalia
1644 1471 1783 1524 bona
1812 1470 2093 1524 turbaren-

425 1604 435 1615 .
506 1575 610 1629 tur,
628 1564 798 1620 facile
817 1563 1144 1621 recedebant
1168 1577 1199 1616 a
1221 1562 1505 1633 praeceptis
1529 1561 1682 1629 legis.
1718 1561 2094 1615 lnlirmabatur

503 1668 632 1723 ergo
682 1653 768 1708 lex
816 1669 925 1709 non
959 1652 1230 1721 implendo
1263 1652 1409 1719 quod
1440 1636 1790 1720 pnecipiebat
1814 1691 1829 1714 ,
1861 1647 1979 1704 non'
1994 1664 2093 1705 sua

504 1743 682 1813 culpa,
708 1746 803 1800 sed
827 1760 925 1814 per
946 1758 1191 1806 carnem,
1228 1743 1289 1798 id
1323 1751 1408 1797 est
1438 1758 1539 1812 per
1578 1757 1671 1796 eos
1702 1742 1948 1797 homines
2000 1742 2093 1811 qui

2177 550 2291 618 jam
2314 546 2572 629 ’signatos
2611 551 2763 621 signo
2802 550 2982 605 crucis
3010 551 3062 604 in
3109 564 3215 619 qua
3243 550 3432 602 victus
3465 557 3594 611 est,
3631 547 3715 599 in
3760 560 3859 598 se-

2182 643 2360 699 ‘ctinda
2400 651 2575 698 morte
2610 630 2794 697 tenere
2834 634 2940 717 non
2973 642 3185 698 audeat.
3230 640 3424 715 (Αας.)
3481 640 3705 695 Aliter
3750 653 3859 690 as-

2184 742 2295 789 tem
2331 752 2342 787 :
2372 726 2542 789 'Carni
2590 730 2798 804 peccati
2843 744 2990 787 mors
3035 730 3214 788 debita
3241 741 3374 787 est:
3429 738 3497 785 at
3540 746 3712 785 vero
3754 728 3855 784 ib

2188 840 2339 879 mors
2361 824 2571 879 Domini
2627 822 2953 895 dignationis
3007 822 3125 887 fuit,
3188 839 3295 879 non
3338 823 3569 886 debiti;
3621 832 3701 875 et
3766 831 3855 874 ιιι-
3944 840 3949 897 ξ

2189 932 2311 971 men
2368 918 2470 971 hoc
2518 906 2747 985 quoque
2776 915 3065 985 Apostolus
3090 925 3374 986 peccatum
3402 924 3591 970 vocat
3623 929 3849 968 susce-

2186 1007 2423 1076 ptionem
2466 1004 2706 1059 mortalis
2734 1005 2935 1069 carnis,
2979 1006 3228 1076 quamvis
3267 1020 3377 1059 non
3406 1005 3841 1074 peccatricis:

2190 1099 2311 1152 ideo
2350 1098 2475 1166 quia
2506 1095 2824 1151 immortalis
2850 1104 3104 1165 tanquam
3152 1104 3449 1167 peccatum
3496 1094 3643 1148 facit
3702 1110 3842 1148 cu

2191 1190 2442 1243 moritur.
2497 1188 2695 1262 (Oi-ig.)
2746 1189 2901 1254 Quod
2955 1194 3136 1243 autem
3186 1189 3367 1248 hostia
3414 1204 3537 1258 pro
3578 1198 3843 1258 peccata

2190 1282 2365 1336 factus
2416 1282 2487 1336 sit
2541 1281 2793 1336 Christus
2833 1290 2887 1335 et
2937 1281 3151 1335 oblatus
3196 1280 3267 1335 sit
3307 1295 3413 1351 pro
3466 1279 3843 1350 purgati-tuac

2193 1382 2766 1441 peecatorum,omnes
2791 1370 3396 1440 Scriptumtestantur,
3424 1380 3493 1426 et
3531 1372 3839 1439 praecipi}:

2190 1462 2388 1516 Paulus
2417 1463 2485 1515 ad
2516 1461 2773 1517 Hebraeos
2804 1460 3067 1524 scribens,
3113 1475 3233 1515 cum
3266 1460 3403 1515 dicit
3438 1484 3454 1513 .-
3494 1458 3626 1513 Hoc
3680 1477 3837 1512 est":

2194 1554 2313 1625 fecit
2338 1554 2515 1621 semel,
2542 1556 2868 1624 semetipsum
2896 1555 3119 1608 hostium
3145 1553 3413 1623 o/Ierendo
3443 1552 3661 1621 (Hebr.
3698 1570 3785 1603 τη
3810 1570 3838 1606 ·;

2195 1654 2249 1701 et
2294 1647 2488 1700 iterum
2522 1647 2653 1714 :qui
2694 1646 2904 1715 proprio
2946 1643 3089 1699 Filio
3120 1662 3222 1699 non
3248 1647 3490 1717 pepercit
3513 1686 3531 1710 ,
3583 1645 3687 1698 sed
3742 1666 3837 1710 im.

2200 1738 2349 1792 nobis
2384 1736 2620 1791 omnibus
2665 1738 2882 1791 tradidit
2914 1734 3063 1791 illum
3092 1735 3271 1810 (Rom.
3302 1739 3467 1809 vm);
3520 1754 3638 1806 per
3676 1740 3838 1790 hanc

506 1835 742 1891 carnalia
786 1836 924 1891 bona
974 1834 1277 1904 appetendo
1304 1848 1412 1888 non
1454 1834 1709 1887 amabant
1751 1833 1884 1903 legis
1923 1832 2086 1903 justi-
2121 1814 2166 1878 Β
2190 1843 2319 1898 ergo
2346 1829 2581 1883 hostiam
2609 1830 2790 1883 carnis
2823 1844 2967 1893 suae,
3013 1843 3132 1898 quae
3159 1829 3356 1883 dicitur
3408 1845 3521 1899 pro
3553 1842 3838 1898 [it-ceam.

510 1922 661 1988 tiam,
694 1924 789 1981 sed
814 1923 866 1977 ei
896 1923 1213 1993 temporalia
1239 1924 1531 1979 commoda
1557 1925 1957 1993 praiponebant.
2006 1924 2087 1980 0b

510 2014 614 2068 hoc
646 2014 791 2071 Deus
815 2014 1008 2069 Filium
1037 2032 1192 2071 suum
1218 2017 1367 2071 misit
1415 2017 1471 2070 in
1505 2017 1858 2073 similitudine
1910 2019 2115 2085 carnis.

510 2106 737 2175 peccati.
768 2105 972 2178 (Greg.)
997 2105 1159 2162 Venit
1195 2108 1362 2172 enim,
1391 2109 1533 2164 sicut
1562 2111 1820 2180 scriptum
1861 2118 1986 2177 est,
2032 2111 2091 2165 in

508 2198 904 2255 similitudinem
939 2200 1114 2257 carnis
1155 2204 1353 2271 peccati
1380 2200 1683 2274 (Rom.vm)
1706 2244 1720 2268 ,
1767 2204 1843 2258 uti
1870 2205 1938 2259 de
1964 2217 2092 2275 pec-

510 2299 630 2377 cato
658 2291 939 2347 damnaret
967 2303 1285 2363 peccatum,
1330 2295 1565 2366 dumque
1610 2298 1748 2353 hosti
1795 2300 1981 2371 objicit
2011 2301 2091 2355 in-

512 2394 680 2445 uocen
690 2378 815 2435 tiam
834 2382 1013 2436 carnis
1026 2398 1158 2449 suae,
1170 2386 1663 2458 extersitcontagia
1676 2390 1858 2444 carnis
1870 2396 2089 2456 nostrai;

512 2486 575 2525 ex
609 2487 713 2541 qua
755 2489 853 2529 nos
892 2475 1134 2544 captivos
1177 2477 1424 2534 inimicos
1467 2481 1670 2543 tenuit,
1698 2496 1794 2551 per
1824 2481 1967 2537 illam
1992 2498 2094 2539 nos

513 2564 714 2623 liberos
742 2567 997 2636 expiavit,
1025 2569 1153 2638 quia
1177 2585 1338 2639 quam
1377 2584 1477 2625 nos
1519 2571 1940 2626 instrumentum
1964 2570 2096 2628 feci-

516 2671 636 2712 mus
678 2658 849 2727 culpte
868 2699 882 2723 ,
916 2661 1032 2717 inec
1061 2660 1216 2716 nobis
1246 2676 1343 2731 per
1366 2664 1718 2718 mediatorem
1748 2679 1902 2720 versa
1932 2666 2094 2722 estin

512 2759 662 2821 artua
709 2745 951 2815 iustitiae.
982 2749 1181 2822 (Orig.)
1211 2751 1363 2818 Quod
1398 2753 1541 2808 dixit
1590 2754 1649 2808 in
1698 2756 2094 2811 similitudinem

508 2838 684 2892 carnis
712 2841 930 2909 peccati,
959 2844 1197 2897 ostendit
1227 2859 1325 2898 nos
1375 2846 1591 2913 quidem
1631 2845 1832 2901 habere
1875 2862 2094 2902 carnem

511 2931 743 2998 peccati,
768 2931 962 2987 Filium
988 2948 1119 2989 vero
1141 2934 1234 2989 Dei
1262 2936 1668 2993 similitudinem
1700 2938 1955 2994 habuisse
1978 2954 2098 2995 car—

514 3022 596 3074 nis
620 3024 851 3090 peccati,
898 3040 1005 3079 non
1049 3041 1271 3081 carnem
1306 3028 1533 3096 peccati.
1560 3028 1761 3084 Omnes
1806 3032 1952 3085 enim
1996 3046 2095 3085 nos

515 3111 793 3176 homines,
844 3116 935 3183 qui
971 3131 1041 3169 ex
1072 3118 1277 3173 semine
1313 3119 1414 3172 viri
1465 3134 1589 3174 cum
1638 3120 1864 3175 muliere
1898 3138 2090 3177 conve-

514 3201 712 3261 nientis
733 3206 977 3273 concepti
1006 3222 1191 3261 sumus
1209 3248 1224 3271 ,
1252 3208 1341 3262 illa
1364 3211 1673 3264 necessario
1704 3212 1908 3265 utimur
1936 3228 2091 3277 voce,
2122 3201 2167 3230 “

513 3307 618 3362 qua
648 3293 776 3348 dicit
812 3294 1001 3359 David,
1047 3300 1296 3368 quoniam
1347 3302 1401 3355 in
1449 3302 1815 3373 iniquitatibus
1864 3306 2095 3375 concepit

514 3400 595 3451 me
622 3393 788 3438 mater
814 3402 929 3440 mea
957 3385 1147 3454 (Psal.
1179 3408 1209 3446 t.
1232 3391 1271 3461 ).
1313 3391 1513 3447 Verum
1548 3395 1675 3463 quia
1703 3410 1768 3449 ex
1802 3397 1945 3452 nulla
1994 3400 2096 3454 viri

516 3476 852 3546 contagione,
899 3479 994 3535 sed
1055 3481 1169 3537 solo
1230 3482 1435 3554 Spiritu
1498 3494 1688 3542 sancto
1744 3504 1907 3559 super
1968 3491 2096 3545 Vir-

516 3563 694 3631 ginem
736 3567 1018 3635 veniente,
1050 3580 1107 3626 et
1141 3572 1343 3630 virtute
1377 3575 1640 3631 Altissimi
1693 3579 2053 3636 obumbrante
2079 3623 2093 3645 ,

518 3654 667 3727 venit
712 3658 779 3711 ad
827 3673 1026 3728 corpus
1073 3662 1476 3719 immaculatum
1504 3707 1519 3731 ,
1577 3675 1825 3723 naturam
1877 3672 2095 3740 quidem

517 3747 761 3812 corporis
799 3750 969 3803 nostri
1014 3752 1240 3818 habuit,
1281 3755 1632 3823 pollutionem
1664 3766 1843 3814 tamen
1866 3763 2096 3830 peccati,

519 3850 640 3905 qua:
691 3852 758 3891 ex
805 3842 1256 3911 concupiscentia;
1309 3855 1457 3902 motu
1500 3852 1774 3919 conceptis
1826 3854 2095 3920 traditur,

518 3925 739 3980 omnino
760 3943 864 3982 non
888 3929 1095 4005 habuit.
1111 3934 1309 4006 (Amb.)
1324 3935 1447 3992 ideo
1459 3939 1602 3993 enim
1625 3941 1899 4011 virginalis
1913 3953 2100 4002 uterus

519 4016 726 4073 electus
765 4033 848 4076 est
890 4024 955 4077 ad
994 4036 1211 4094 partum
1235 4029 1601 4097 Dominicum,
1637 4042 1697 4088 at
1730 4035 1784 4089 in
1811 4040 2099 4096 sanctitate

521 4106 763 4165 dilferret
789 4127 915 4169 caro
942 4114 1152 4176 Domini
1177 4134 1207 4172 a
1235 4134 1396 4174 carne
1423 4132 1606 4176 nostra
1641 4139 1656 4177 :
1680 4126 1733 4179 in
1763 4140 1924 4183 causa
1955 4131 2098 4185 enim

523 4201 715 4257 similis
742 4216 847 4273 est,
874 4223 979 4262 non
1018 4209 1068 4263 in
1095 4210 1353 4278 qualitate
1384 4217 1590 4282 peccati
1613 4217 1946 4275 substantiae.
1967 4222 2099 4277 Pro-
2134 4246 2145 4253 ·

522 4299 709 4360 pterea
738 4310 868 4365 ergo
900 4298 1130 4354 similem
1159 4302 1315 4367 dixit,
1338 4305 1465 4372 quia
1486 4305 1555 4360 de
1573 4306 1760 4363 eadem
1799 4312 2100 4368 substantia

521 4384 723 4447 carnis,
740 4401 846 4441 non
862 4390 1107 4444 eamdem
1134 4391 1322 4447 habuit
1344 4395 1709 4463 nativitatem,
1724 4402 1851 4469 quia
1879 4415 2101 4472 peccato

2187 1918 2466 1974 danmavit
2492 1927 2772 1989 peceatum
2792 1921 2846 1973 in
2867 1920 3206 1984 carne,sicut
3231 1919 3371 1972 idem
3404 1919 3743 1987 Apostolus
3776 1920 3831 1971 in

2189 2011 2310 2065 aliis
2358 2011 2525 2076 dicit,
2560 2011 2684 2079 quia
2721 2010 2973 2080 apparuit
3018 2011 3073 2064 in
3124 2010 3439 2064 novissimis
3472 2010 3696 2065 diebus
3760 2012 3831 2063 ad

2189 2104 2611 2159 destructionem
2653 2103 2896 2172 peccati;
2945 2112 2999 2157 et
3038 2104 3234 2157 itcrum
3279 2103 3569 2172 propheta
3621 2104 3771 2156 dicit
3812 2121 3825 2154 :

2190 2197 2310 2267 Ipse
2344 2205 2555 2267 peccata
2600 2206 2777 2250 nostra
2808 2195 2949 2262 tulit,
2981 2203 3030 2248 et
3067 2195 3366 2265 iniquitates
3412 2205 3653 2250 nostra:
3698 2214 3827 2264 por-

2190 2294 2315 2347 tavit
2347 2290 2481 2350 (lsa.
2519 2289 2655 2362 rm).
2704 2288 2809 2345 Pro
2861 2297 3083 2359 peccato
3138 2303 3305 2359 ergo,
3358 2288 3469 2343 hoc
3524 2299 3674 2354 est,
3724 2304 3823 2358 per

2194 2385 2425 2441 hostiam
2452 2384 2634 2439 carnis
2669 2398 2799 2449 suae,
2825 2398 2986 2454 quam
3010 2380 3207 2438 obtulit
3236 2397 3335 2452 pro
3357 2392 3634 2452 peccato,
3660 2383 3820 2436 dam-

2192 2478 2341 2533 navit
2365 2485 2644 2546 peccatum
2670 2475 2727 2530 in
2752 2488 2914 2530 carne
2938 2490 3055 2530 sua.

2265 2567 2335 2622 Ut
2376 2567 2689 2639 justificatio
2733 2566 2859 2636 legis
2894 2565 3193 2637 impleretur
3223 2565 3277 2618 in
3316 2564 3469 2619 nobis
3501 2606 3519 2631 ,
3566 2567 3675 2637 qui
3710 2584 3817 2619 κω

2192 2662 2479 2717 secundum
2508 2676 2716 2714 carnem
2748 2658 3078 2713 ambulamus
3110 2699 3125 2723 ,
3174 2659 3262 2712 sed
3291 2659 3599 2713 secundum
3648 2660 3816 2730 spiri-

2193 2760 2323 2809 tum.
2382 2753 2487 2807 Per
2512 2754 2653 2807 hanc
2697 2752 2895 2807 etenim
2936 2751 3170 2805 hostiam
3212 2750 3417 2815 carnis,
3471 2766 3610 2819 qua:
3654 2752 3811 2805 obla-

2195 2854 2249 2899 ta
2278 2852 2361 2899 est
2402 2860 2501 2915 pro
2529 2852 2770 2914 peccato,
2806 2852 2863 2897 et
2892 2842 3169 2897 damnavit
3190 2836 3505 2912 peccatum,
3539 2842 3661 2896 hoc
3703 2850 3813 2906 est,

2196 2937 2398 3008 fugavit
2426 2945 2729 3007 peccatum,
2778 2944 2832 2990 et
2882 2935 3134 2999 abstulit,
3186 2944 3245 2989 ut
3283 2932 3627 3004 jttstilicatio
3674 2934 3813 3006 legis

2196 3028 2513 3098 impleretur
2550 3029 2602 3081 in
2630 3027 2804 3092 nobis,
2831 3026 2922 3097 qui
2952 3026 3140 3097 .lcgem
3190 3026 3489 3080 secundum
3536 3027 3810 3096 spiritum

2198 3120 2553 3183 custodimus,
2580 3126 2635 3172 et
2655 3134 2762 3172 non
2793 3118 3089 3172 secundum
3122 3132 3343 3171 carnem
3372 3131 3387 3170 :
3418 3116 3473 3170 in
3509 3132 3627 3186 qua
3652 3126 3811 3187 parte

2199 3193 2493 3267 secundum
2535 3227 2598 3266 ea
2653 3227 2773 3280 qua:
2805 3227 2965 3280 supra
3006 3212 3373 3281 exposuimus,
3429 3210 3809 3280 impossibilis

2198 3311 2314 3357 erat
2344 3302 2430 3356 lex
2467 3314 2521 3355 et
2548 3304 2781 3356 inﬁrma.
2834 3300 3017 3373 (.lug.)
3050 3301 3105 3356 Id
3138 3303 3283 3356 enim
3329 3303 3443 3371 egit
3488 3318 3657 3356 mors
3706 3304 3808 3358 Do-

2201 3395 2332 3449 mini
2375 3410 2444 3449 ne
2484 3409 2632 3448 mors
2676 3395 2960 3449 timeretur
2983 3436 2997 3460 ,
3022 3402 3077 3448 et
3097 3409 3162 3449 ex
3201 3409 3266 3449 eo
3285 3391 3395 3462 jam
3431 3410 3547 3448 non
3577 3404 3808 3464 appete

2200 3492 2390 3538 rentur
2417 3484 2731 3552 temporalia
2752 3485 2914 3549 bona,
2942 3499 3043 3539 nec
3068 3492 3438 3539 metuerentur
3466 3486 3803 3554 temporalia

2199 3574 2362 3640 mala,
2404 3575 2458 3628 in
2489 3573 2685 3644 quibus
2722 3575 2962 3629 carnalis
2988 3584 3107 3630 erat
3138 3575 3226 3629 illa
3256 3576 3580 3646 prudentia,
3610 3577 3669 3630 in
3701 3592 3803 3646 qua

2201 3667 2409 3736 impleri
2456 3666 2594 3737 legis
2636 3675 2907 3737 prmcepta
2954 3684 3059 3723 non
3108 3676 3379 3737 poterant.
3422 3665 3541 3723 Hac
3617 3683 3806 3725 autem

2200 3759 2484 3828 prudentia
2535 3758 2587 3811 in
2614 3758 2834 3812 homine
2862 3758 3141 3813 Dominico
3171 3759 3437 3812 exstincta
3471 3769 3526 3812 et
3564 3759 3768 3814 ablata
3790 3801 3806 3818 .

2193 3846 2403 3915 iustitia
2458 3848 2591 3917 legis
2622 3847 2873 3918 impletur
2894 3888 2909 3913 ,
2956 3862 3077 3902 cum
3106 3848 3396 3902 secundum
3427 3862 3668 3903 carnem
3696 3866 3805 3904 non

2203 3939 2528 4004 ambulatur,
2551 3939 2644 3993 sed
2670 3941 2963 3994 secundum
3005 3938 3275 4008 spiritum.
3316 3938 3469 3993 Unde
3499 3940 3808 3996 verissime

2202 4031 2404 4085 dictum
2458 4040 2581 4085 est:
2614 4030 2736 4083 Non
2768 4031 2877 4085 veni
2908 4030 3070 4101 legem
3100 4030 3327 4097 solvere,
3367 4031 3457 4084 sed
3495 4031 3807 4103 adimplere

2204 4124 2420 4197 (Matth.
2439 4124 2514 4195 v).
2540 4122 2827 4178 Plenitudo
2853 4139 2983 4194 ergo
3014 4124 3146 4195 legis
3172 4110 3411 4179 charitas
3444 4122 3625 4195 (Rom.
3648 4125 3799 4193 xui),

2203 4224 2263 4270 et
2278 4215 2516 4269 charitas
2553 4228 2742 4269 eorum
2781 4224 2883 4280 cst,
2917 4216 3008 4285 qui
3050 4215 3341 4270 secundmn
3388 4216 3649 4286 spiritum
3684 4234 3803 4270 am-

2164 4304 2418 4367 'bulant;
2460 4305 2575 4358 haec
2618 4306 2762 4359 enim
2807 4305 2875 4359 ad
2928 4306 3155 4375 gratiam
3241 4307 3475 4375 pertinet
3551 4304 3806 4374 Spiritus

2205 4394 2377 4450 sancti
2404 4411 2417 4446 :
2465 4394 2682 4462 quando
2708 4394 2851 4448 enim
2877 4409 2984 4448 non
3014 4402 3132 4449 erat
3160 4394 3398 4449 charitas
3412 4392 3667 4461 iustitiae,
3700 4396 3803 4450 sed

521 4473 824 4586 subjectum
849 4493 954 4532 non
980 4478 1080 4533 fuit
1096 4496 1294 4551 corpus
1311 4484 1542 4540 Domini.
1565 4487 1789 4558 Expiata
1812 4504 1899 4547 est
1917 4504 2097 4551 autem
2126 4488 2400 4586 Dtimor,
2451 4486 2535 4540 lex
2600 4502 2706 4541 non
2770 4485 3114 4557 implebatur.
3172 4487 3370 4557 (Amb.)
3434 4485 3558 4541 Ideo
3617 4486 3803 4558 igitur

523 4583 554 4618 a
588 4564 793 4638 Spiritu
843 4579 1051 4627 sanctor
1082 4589 1211 4647 caro
1259 4576 1491 4643 Domini,
1536 4587 1594 4633 ut
1638 4581 1691 4635 in
1735 4583 1827 4637 tali
1875 4599 2100 4656 corpore

520 4668 857 4729 nasceretur,
875 4662 1037 4733 quale
1049 4663 1291 4722 fuitAda:
1307 4677 1431 4723 ante
1452 4681 1750 4739 peccatum,
1781 4674 1895 4728 sola
1920 4684 2098 4732 tamen

520 4752 789 4815 sententia
818 4753 943 4813 data
992 4756 1049 4811 in
1084 4756 1278 4813 Adam.
1318 4759 1480 4815 Misso
1514 4776 1645 4834 ergo
1689 4764 1831 4820 Deus
1861 4764 2098 4835 Christo,

525 4841 599 4897 De
634 4854 846 4913 peccato
877 4847 1146 4904 damnavit
1198 4862 1502 4920 peccatum,
1556 4855 1660 4910 hoc
1696 4866 1779 4912 est
1817 4867 2100 4929 peccatum

520 4944 747 5002 peccato
793 4939 1012 5008 proprio
1054 4941 1359 4998 .damnavit.
1417 4944 1664 5003 Christus
1711 4950 1854 5004 enim
1901 4967 2022 5006 cum
2068 4969 2116 5008 a'

520 5036 744 5093 peccato
770 5030 1118 5099 cruciﬁgitur,
1143 5034 1234 5102 qui
1254 5044 1340 5088 est
1360 5034 1606 5099 Satanas,
1638 5042 1883 5108 peccavit
1906 5056 2097 5111 pecca-

524 5121 638 5169 tum
670 5117 724 5169 in
747 5133 913 5177 carne
934 5124 1181 5191 corporis
1207 5123 1504 5182 Salvatoris
1533 5142 1548 5181 :
1573 5142 1683 5199 quo
1708 5129 1852 5185 laeto
1870 5130 2099 5187 damna-

525 5202 601 5285 vit
629 5202 770 5261 Deus
791 5219 1075 5277 peccatum
1101 5212 1156 5269 ia
1200 5229 1384 5280 carne,
1414 5215 1487 5270 ibi
1513 5217 1700 5287 utique
1727 5218 1815 5273 ubi
1840 5223 2096 5289 peccavit,

523 5295 666 5359 sicut
687 5302 815 5359 etin
841 5304 945 5359 alia
971 5305 1211 5376 Episwia
1233 5308 1407 5380 ait(II
1428 5309 1552 5364 Cor.
1573 5312 1633 5381 ιι)
1655 5328 1669 5366 :
1693 5310 2102 5384 Detriumphans

522 5385 644 5451 illo:
677 5389 733 5445 in
751 5390 883 5463 ipso,
907 5395 960 5453 id
984 5405 1067 5453 est
1088 5398 1143 5452 in
1162 5398 1398 5454 Christo.
1425 5400 1559 5456 Nam
1588 5401 1725 5458 solet
1747 5402 1850 5457 dici
1874 5404 1942 5458 de
1962 5418 2099 5473 quo-

524 5501 741 5558 cungue
798 5488 1052 5549 damnato
1101 5511 1114 5547 :
1167 5494 1225 5551 In
1278 5509 1407 5565 qua.
1436 5511 1597 5551 causa
1646 5498 1931 5552 damnatus
1975 5500 2103 5553 est?

525 5576 921 5650 Respondetur,
944 5592 1003 5637 ut
1022 5592 1171 5652 puta,
1197 5585 1250 5639 in
1278 5586 1598 5652 homicidio;
1630 5588 1707 5643 ita
1732 5596 1787 5643 et
1815 5601 2095 5658 peccatum

528 5670 581 5723 in
610 5686 783 5728 carne
830 5673 1139 5733 “meatum
1184 5684 1292 5738 est.
1320 5677 1437 5731 hoc
1462 5679 1665 5745 est,~ln
1708 5680 2094 5751 peccato'quod

528 5762 743 5821 admisit
762 5764 821 5821 in
837 5779 1028 5822 carne.
1062 5765 1175 5820 llos
1205 5765 1384 5837 itaque
1412 5779 1642 5838 peccato
1662 5780 1791 5826 reus
1810 5769 1989 5825 factus
2004 5782 2097 5826 est
2110 5776 2133 5793 "

2194 4670 2513 4739 justiticatio
2562 4671 2695 4739 legis
2747 4672 2883 4725 data:
2929 4680 2959 4724 a
3003 4670 3183 4742 Moyse

2204 4580 2517 4634 damnatum
2560 4578 2691 4633 dicit
2731 4588 3013 4649 peccatum
3069 4586 3126 4633 ut
3170 4576 3483 4648 impleretur
3526 4580 3580 4633 in
3629 4582 3800 4637 nobis

3230 4689 3242 4724 :
3290 4670 3485 4724 sublati
3526 4670 3679 4724 enim
3727 4674 3799 4728 de

2202 4764 2512 4819 conditione
2550 4763 2681 4832 legis
2721 4761 2848 4817 lacti
2890 4768 3075 4818 sumus
3116 4762 3272 4818 amici
3309 4762 3551 4831 ejusdem
3584 4806 3598 4829 ,
3625 4760 3797 4831 justi-

2204 4854 2347 4909 ticati
2377 4854 2523 4908 enim
2562 4853 2724 4909 amici
2764 4854 2897 4924 legis
2954 4864 3095 4910 sunt.
3153 4854 3432 4921 Quomodo
3468 4864 3645 4909 autem
3684 4858 3793 4912 im-

2201 4945 2380 5014 pietur
2400 4946 2452 4999 in
2478 4944 2991 5013 nobisjustilicatio,
3034 4946 3136 5000 nisi
3179 4961 3301 5000 cum
3350 4948 3509 5003 datur
3533 4947 3790 5002 remissio

2201 5036 2441 5090 omnium
2469 5046 2836 5105 peccatorum,
2857 5044 2938 5100 ut,
2953 5035 3178 5091 sublatis
3190 5037 3443 5105 peccatis,
3455 5035 3688 5103 justiﬁca
3698 5046 3789 5092 tas

2203 5136 2478 5196 appareat,
2511 5135 2691 5180 mente
2721 5126 2964 5180 serviens
2994 5125 3097 5195 legi
3129 5125 3260 5180 Dei?
3287 5125 3401 5180 Hoc
3422 5133 3521 5189 est,
3560 5107 3664 5179 non
3694 5142 3785 5179 εει

2204 5217 2435 5271 cundum
2463 5230 2682 5271 carnem
2718 5218 3016 5282 ambulare,
3050 5220 3141 5272 sed
3171 5219 3469 5271 secundum
3496 5218 3782 5288 spiritum;

2205 5316 2269 5362 ut
2288 5309 2509 5362 devotio
2529 5309 2726 5373 animi,
2774 5309 2864 5378 qui
2914 5317 2997 5363 est
3045 5308 3299 5378 spiritus,
3342 5322 3450 5362 non
3481 5307 3785 5362 Consentiat

2206 5398 2476 5454 desiderio
2498 5399 2730 5468 peccati,
2749 5399 2875 5469 quia
2908 5412 3005 5469 per
3025 5410 3244 5453 carnem
3266 5400 3498 5452 seminat
3524 5400 3776 5469 concupi-

2206 5490 2441 5545 scentias
2459 5491 2670 5557 animae,
2699 5491 2843 5561 quod
2874 5492 3017 5545 inest
3042 5498 3342 5560 peccatum.
3378 5487 3435 5544 Si
3463 5487 3780 5543 Damnatum

2205 5593 2289 5639 est
2303 5593 2581 5653 peccatum
2610 5598 2640 5635 a
2659 5583 2963 5644 Salvatore,
2979 5583 3247 5651 quomodo
3274 5583 3448 5636 inest?
3469 5583 3777 5635 damnatum

2203 5684 2288 5733 est
2314 5688 2344 5730 a
2374 5675 2677 5740 Salvatore,
2703 5682 2758 5729 et
2779 5674 2975 5745 tripliCi
2999 5680 3196 5745 genere
3223 5674 3555 5729 damnatum.
3598 5670 3777 5729 Primo

2202 5764 2429 5825 enim’i'n
2449 5767 2569 5822 loco
2594 5758 2871 5821 damnavit
2896 5776 3199 5835 peccatum,
3223 5764 3346 5822 dum
3379 5782 3487 5821 non
3514 5764 3769 5837 peccavit,
