4000 6398
170 390 336 472 uti
407 366 416 376 ’

739 384 1288 442 ENARRATIONUM
1323 385 1408 440 IN.
1431 384 1579 450 EPP.
1621 383 1828 440 PAULI
1861 385 1991 442 LIB.
2033 387 2120 444 Ν.
2157 415 2229 440 σ-ε-
2265 389 2333 443 ιΝ
2375 389 2589 448 EPIST:
2624 392 2716 448 AD
2754 391 2920 448 ROM.

3321 387 3465 442 1442

169 501 530 556 dissentiens
556 516 584 552 a
606 508 847 570 peccato.
869 499 1068 553 Deinde
1085 499 1137 551 in
1161 513 1322 552 cruce
1340 507 1640 567 peccatum,
1658 496 1782 566 quia
1811 501 1864 566 Α
1889 499 2050 556 modo
2078 501 2220 556 enim
2249 502 2746 572 sapientia-carnis,
2773 503 2878 558 hoc
2898 510 3004 568 est,
3043 504 3469 564 carnalis-intel-

169 595 476 666 peccavit,
509 595 822 648 damnatmn
866 593 1082 647 dicitur.
1136 591 1285 646 Unde
1316 591 1523 646 sublata
1572 599 1654 646 est
1708 591 1782 646 illi

175 687 539 760 auctoritas,
588 686 738 754 quasi
781 683 1063 754 peccanti,
1110 698 1211 751 qua
1243 683 1518 737 detinebat
1541 683 1787 738 homines

174 779 248 831 in
304 777 526 832 inferno
556 786 775 846 propter
803 776 1056 829 delictum
1101 773 1259 838 Adae,
1309 781 1367 827 ut
1401 773 1466 828 de
1497 782 1698 828 caetero
1729 774 1786 827 in

174 872 405 940 quibus
458 871 670 941 signum
717 869 894 922 crucis
943 876 1065 934 est,
1120 867 1358 921 detinere
1412 883 1518 921 non
1568 867 1782 920 audeat.

177 965 392 1018 Tertio
423 963 698 1018 damnavit
728 970 1026 1030 peccatum,
1062 962 1188 1014 dum
1213 961 1363 1014 irrita
1403 960 1530 1015 fecit
1568 961 1786 1025 delicta,

180 1058 532 1112 remissione
575 1064 917 1126 peccatorum
959 1068 1215 1107 concessa
1247 1069 1405 1108 :cum
1429 1053 1573 1107 enim
1597 1068 1787 1122 pecca-

185 1157 291 1202 tor
338 1163 503 1201 causa
541 1145 763 1200 admissi
792 1145 998 1215 peccati
1029 1144 1366 1198 damnandus
1409 1153 1584 1208 esset,
1643 1143 1790 1212 igno-

182 1254 366 1294 scens
407 1247 585 1291 autem
631 1237 680 1290 ei
725 1237 1000 1290 danmavit
1046 1234 1099 1287 in
1153 1249 1218 1288 eo
1258 1243 1559 1303 peccatum.
1606 1235 1789 1302 Itaque

182 1335 239 1388 si
280 1343 340 1386 et
385 1349 482 1386 nos
521 1330 818 1384 Salvator-is
858 1328 1105 1396 exemplo
1135 1344 1242 1382 non
1281 1343 1604 1398 peccemus,
1636 1328 1789 1407 dam—

186 1441 228 1478 ll
237 1440 270 1476 ξι
281 1440 333 1477 [ll
342 1439 406 1476 llS
446 1431 668 1491 PCCCDIU
677 1437 724 1474 m
735 1461 746 1474 .

279 1513 388 1578 Qui
415 1514 551 1566 enim
577 1511 860 1565 secundum
897 1527 1102 1563 carnem
1132 1521 1284 1576 sunt,
1317 1529 1432 1582 qua:
1463 1513 1634 1565 carnis
1669 1521 1788 1564 sunt

181 1606 416 1674 sapiunt
442 1619 459 1656 :
485 1604 574 1674 qui
603 1621 720 1658 vero
743 1604 1026 1656 secundum
1052 1605 1311 1674 spiritum,
1352 1621 1468 1675 qua?
1527 1616 1644 1658 sunt
1690 1605 1790 1673 spi-

186 1696 358 1758 ritus,
392 1695 638 1748 sentiunt.
673 1693 867 1764 (Orig.)
898 1694 994 1748 llic
1025 1695 1136 1763 jam
1169 1696 1407 1764 apertius
1445 1696 1596 1764 quasi
1650 1697 1789 1750 inter

188 1802 304 1840 nos
329 1795 383 1840 et
406 1783 638 1848 Judwos,
666 1787 718 1838 iu
745 1785 918 1838 medio
948 1795 1190 1841 statuens
1214 1787 1382 1853 legem
1416 1787 1580 1856 Moysi
1614 1787 1745 1840 dicit
1768 1806 1780 1841 :

1885 593 2130 664 ﬁgentia,
2157 611 2264 650 non
2287 597 2359 650 sit
2380 596 2600 652 inimica
2645 595 2777 661 Deo,
2817 612 2937 666 quae
2962 597 3280 652 adversatur
3303 598 3433 653 Chri

1886 695 1994 749 sto,
2039 701 2158 754 quae
2205 702 2309 740 non
2359 688 2551 758 recipit
2601 703 2723 742 eum
2771 703 2933 757 quem
2969 689 3117 752 misit
3147 690 3304 752 Deus,
3346 704 3464 759 qua

1887 776 2022 852 dicit
2050 795 2061 829 :
2089 775 2202 830 Nos
2245 777 2406 847 legem
2443 779 2691 833 habemus
2709 789 2770 832 et
2797 780 3092 834 secundum
3121 779 3284 850 legem
3321 781 3464 835 debe.

1887 872 2040 934 mori,
2065 872 2312 933 quoniam
2337 869 2536 925 Filium
2564 872 2660 926 Dei
2693 891 2745 927 se
2767 875 2926 942 fecit?
2955 873 3136 940 (Joan.
3167 875 3303 946 XIX.)
3325 875 3470 941 Quu-

1887 962 2048 1016 modo
2103 977 2230 1031 ergo
2291 961 2410 1015 talis
2469 963 2730 1032 sapientia
2759 1004 2774 1027 ,
2829 973 2884 1020 et
2925 965 3047 1019 talis
3118 965 3468 1036 intelligentia

1887 1051 1941 1105 in
1972 1051 2088 1122 lege
2110 1052 2220 1106 Deo
2239 1068 2346 1107 non
2380 1053 2591 1108 dicatur
2619 1054 2856 1120 inimica,
2884 1067 2940 1110 et
2964 1058 3068 1127 legi
3093 1057 3254 1126 ejus?
3280 1058 3342 1112 Ei
3365 1059 3470 1112 sci-

1887 1143 2016 1199 licet
2039 1160 2158 1214 quae
2198 1145 2493 1201 secundum
2535 1147 2784 1216 spiritum
2819 1157 2903 1202 est
2925 1188 2940 1214 ,
2975 1165 3079 1204 non
3107 1161 3190 1204 est
3223 1149 3465 1219 subjecta

1889 1251 1990 1291 nec
2031 1246 2207 1305 potest
2236 1238 2470 1306 subjici:
2516 1240 2643 1308 quia
2702 1241 2845 1294 sicut
2888 1242 3160 1296 contraria
3209 1243 3310 1297 sibi
3346 1251 3466 1297 sunt

1888 1328 1999 1380 vita
2043 1337 2099 1382 et
2141 1344 2310 1392 mors,
2355 1329 2427 1383 ita
2480 1331 2753 1384 contraria
2807 1331 2910 1385 sibi
2947 1340 3076 1387 sunt
3112 1332 3288 1386 littera
3337 1333 3468 1404 legis

1890 1419 2143 1498 Occidens
2171 1436 2292 1490 quae
2329 1429 2386 1475 et
2430 1421 2695 1490 sapientia
2725 1423 2937 1486 carnis,
2969 1431 3024 1475 et
3068 1422 3288 1492 spiritus
3332 1423 3468 1475 vivi-

1891 1510 2060 1565 ﬁcans
2109 1513 2196 1580 qui
2251 1529 2376 1567 vere
2419 1513 2505 1566 lex
2557 1514 2651 1567 Dei
2697 1523 2797 1567 est.
2847 1513 3033 1584 (Aug.)
3067 1514 3122 1567 lu
3168 1529 3232 1568 co
3289 1522 3467 1567 autem

1889 1604 2030 1670 quod
2069 1604 2164 1666 ait,
2209 1604 2486 1672 prudentia
2515 1607 2688 1658 carnis
2717 1605 2932 1658 inimica
2959 1614 3033 1657 est
3080 1604 3210 1668 Deo,
3239 1603 3475 1658 ostendit

1891 1694 2020 1763 quid
2037 1696 2254 1759 dixerit,
2285 1697 2600 1758 inimica,ne
2614 1697 2737 1765 quis
2753 1706 2965 1766 putaret
2995 1707 3248 1765 tanquam
3278 1709 3343 1749 ex
3374 1696 3471 1748 ad-

1892 1800 2049 1838 verso
2070 1785 2334 1854 principio
2355 1787 2588 1856 aliquam
2614 1797 2884 1852 naturam,
2909 1802 3071 1856 quam
3101 1801 3206 1841 non
3230 1784 3471 1839 condidit

187 1876 313 1942 Qui
347 1876 632 1929 secundum
655 1892 864 1928 carnem
888 1887 1029 1940 sunt,
1058 1894 1174 1947 quw
1217 1880 1388 1930 carnis
1412 1889 1530 1931 sunt
1559 1880 1786 1947 sapiunt,
1820 1865 1868 1926 Β
1897 1875 2058 1940 Deus,
2091 1875 2404 1929 inimicitias
2435 1877 2691 1930 adversus
2723 1877 2886 1929 Deum
2913 1891 3186 1930 exercere.
3219 1875 3474 1929 Inimicus

189 1969 316 2023 hoc
348 1978 452 2032 est,
477 1968 646 2023 Judaei
670 1985 806 2038 quos
837 1970 968 2023 dicit
999 1972 1297 2025 secundum
1341 1988 1558 2026 carnem
1589 1972 1750 2028 Israel
1774 2013 1790 2038 ,

187 2059 297 2128 qui
328 2075 391 2112 ea
415 2076 534 2128 qua:
559 2060 736 2113 carnis
764 2068 886 2113 sunt
909 2061 1144 2128 sapiunt,
1171 2062 1224 2115 in
1247 2078 1312 2116 eo
1336 2065 1477 2131 quod
1501 2064 1797 2118 secundum

187 2167 428 2206 carnem
469 2151 638 2222 legem
685 2152 1027 2222 intelligunt;
1062 2155 1148 2224 qui
1190 2171 1306 2207 vero
1335 2157 1618 2208 secundant
1646 2157 1800 2226 spiri-

188 2253 316 2297 tum
363 2242 450 2313 (de
481 2244 566 2298 his
595 2244 801 2308 dicens,
844 2260 979 2313 quos
1006 2243 1221 2299 Judzeos
1249 2246 1378 2300 dicit
1409 2248 1597 2317 spiritu
1624 2289 1638 2311 ,
1690 2264 1797 2302 non

189 2334 442 2403 littera),
492 2352 607 2406 quw
643 2345 762 2388 sunt
804 2337 1020 2405 spiritus
1061 2338 1307 2390 sentiunt.
1341 2337 1576 2409 (Ambr.)
1628 2338 1799 2393 Aliter

189 2435 390 2480 autem
429 2444 440 2478 :
473 2426 571 2492 Qui
606 2426 933 2495 suggestioni
966 2443 1083 2496 qum
1115 2427 1173 2480 [it
1206 2443 1300 2498 per
1328 2443 1546 2482 carnem
1591 2429 1800 2484 obtem-

188 2527 382 2588 perat.
437 2534 556 2588 quae
585 2520 766 2573 carnis
813 2529 935 2574 sunt
981 2521 1157 2590 sapit;
1189 2521 1292 2576 hoc
1330 2522 1471 2575 enim
1515 2521 1590 2574 illi
1637 2536 1801 2576 suave

188 2610 444 2673 videtur,
475 2611 619 2679 quod
657 2611 920 2679 sequitur,
977 2620 1166 2666 contra
1211 2611 1293 2666 fas
1338 2621 1598 2682 appetens
1641 2628 1796 2666 usum

200 2710 264 2754 et
302 2701 629 2768 sententiam
663 2702 865 2755 erroris
894 2701 1112 2756 carnis:
1153 2702 1203 2755 in
1243 2719 1409 2756 carne
1459 2703 1606 2761 enim.
1646 2720 1800 2758 error

199 2792 521 2846 mundanus
551 2792 813 2861 signatur,
847 2809 1166 2862 quacunque
1205 2809 1270 2848 ex
1309 2803 1482 2863 parte.
1543 2792 1645 2859 Qui
1683 2812 1799 2849 vero

190 2882 496 2937 secundum
545 2884 809 2953 spiritum,
848 2902 907 2938 ea
955 2902 1071 2956 qua:
1125 2895 1241 2938 sunt
1277 2888 1494 2956 spiritus
1549 2887 1794 2941 sentiunt.

197 2971 562 3028 Manifestum
593 2984 693 3039 est,
727 2975 850 3043 quia
879 2977 969 3044 qui
1001 2992 1059 3030 se
1091 2992 1120 3028 a
1157 2978 1335 3031 carnis
1359 2977 1639 3031 desideriis
1668 2993 1797 3030 con-

192 3066 340 3120 tinet
368 3106 386 3131 ,
419 3064 571 3132 juxta
603 3065 772 3136 legem
821 3067 1018 3119 mentis
1059 3067 1188 3120 vivit
1223 3085 1234 3120 :
1266 3067 1367 3122 hoc
1391 3068 1533 3122 enim
1567 3067 1644 3122 illi
1671 3067 1800 3122 utile

192 3159 424 3212 videtur
453 3172 641 3226 sapere
667 3157 806 3226 quod
837 3157 1120 3216 conveniat
1148 3157 1279 3227 legi.

1899 1982 2027 2036 ergo
2050 1967 2143 2021 Dei
2169 1968 2367 2022 dicitur
2391 2008 2406 2032 ,
2450 1970 2538 2038 qui
2566 1969 2670 2039 legi
2701 1969 2870 2037 ipsius
2896 1983 3002 2022 non
3031 1969 3390 2038 obtemperat,
3421 1975 3476 2023 et

1900 2061 2004 2116 hoc
2028 2076 2124 2129 per
2149 2061 2329 2114 carnis
2355 2061 2716 2128 prudentiam,
2742 2061 2794 2114 id
2833 2070 2932 2123 est,
2962 2077 3082 2116 cum
3108 2064 3309 2130 appetit
3339 2071 3475 2116 tem-

1899 2150 2102 2220 poralia
2150 2151 2288 2205 bona
2311 2193 2326 2214 ,
2383 2161 2438 2206 et
2481 2153 2632 2206 timet
2670 2152 2986 2221 temporalia
3025 2153 3182 2206 mala.
3219 2153 3474 2207 Deﬁnitio

1900 2245 2040 2298 enim
2100 2245 2398 2312 prudentia:
2451 2245 2502 2298 in
2548 2244 2858 2314 appetendis
2907 2243 3082 2309 bonis,
3135 2253 3187 2298 et
3241 2245 3476 2298 vitandis

1902 2335 2059 2389 malis
2081 2335 2336 2404 explicari
2368 2337 2521 2391 solet.
2550 2336 2890 2406 Quapropter
2913 2347 3058 2390 recte
3082 2335 3312 2405 appellat
3331 2336 3474 2404 Apo—

1901 2426 2070 2480 stolus
2089 2426 2268 2480 carnis
2290 2426 2632 2495 prudentiam
2649 2442 2754 2494 qua
2772 2427 2886 2480 haec
2902 2435 3230 2496 appetuntur
3255 2442 3350 2496 pro
3367 2441 3478 2479 ma-

1902 2518 2021 2588 gnis
2046 2518 2224 2583 bonis,
2265 2533 2385 2588 quae
2415 2533 2520 2572 non
2554 2527 2899 2587 perseverant
2922 2535 3048 2571 num
3077 2518 3311 2582 homine;
3342 2526 3397 2571 et
3418 2531 3481 2572 ce

1901 2608 2016 2663 haec
2045 2611 2364 2664 amittantur
2389 2611 2608 2665 timetur
2628 2648 2644 2676 ,
2675 2625 2794 2677 qua:
2821 2610 3145 2679 quandoque
3174 2609 3475 2663 amittenda

1901 2709 2045 2756 sunt.
2077 2700 2190 2756 Non
2222 2709 2399 2771 potest
2422 2709 2602 2756 autem
2635 2701 2756 2756 talis
2785 2701 3092 2770 prudentia,
3134 2700 3234 2771 legi
3260 2701 3355 2756 Dei
3379 2702 3479 2755 οὶ)-

1904 2800 2206 2861 temperare
2231 2809 2245 2845 :
2269 2791 2365 2846 sed
2384 2801 2512 2846 tunc
2525 2793 2928 2861 obtemperatur
2940 2793 3042 2862 legi
3054 2834 3068 2859 ,
3083 2808 3205 2848 cum
3231 2795 3345 2849 ha‘c
3355 2808 3484 2864 pru-

1904 2883 2079 2942 dentia
2103 2883 2369 2938 exstincta
2390 2883 2571 2948 fuerit,
2602 2893 2661 2937 ut
2679 2884 2728 2938 ei
2755 2885 3305 2953 succedatprudenlia
3323 2886 3480 2956 spiri-

1903 2983 2010 3039 tus,
2040 2992 2144 3044 qua
2174 2991 2274 3030 nec
2303 2977 2357 3029 in
2391 2977 2774 3046 temporalibus
2810 2979 2965 3033 bonis
3003 2994 3127 3048 spes
3156 2989 3341 3033 nostra
3373 2990 3475 3048 est,

1904 3081 2076 3135 neque
2102 3066 2160 3120 in
2180 3067 2334 3122 malis
2361 3068 2554 3132 timor;
2580 3069 2770 3124 eadem
2791 3085 3023 3138 namque
3043 3072 3235 3125 animae
3264 3081 3478 3137 natura,

1902 3166 1958 3211 ct
1983 3159 2322 3226 prudentiam
2347 3175 2529 3214 carnis
2565 3162 2746 3226 habet,
2777 3177 2898 3216 cum
2924 3162 3183 3216 inferiora
3215 3174 3473 3231 sectatur,

274 3247 426 3300 Nam
477 3247 754 3316 prudentia
802 3248 976 3300 carnis
1028 3264 1167 3300 mors
1223 3257 1330 3311 est,
1370 3249 1653 3318 prudentia
1698 3265 1793 3301 au-
1824 3221 1956 3303 C'et
1985 3249 2325 3318 prudentiam
2371 3251 2632 3318 spiritus,
2672 3268 2793 3307 cum
2835 3254 3115 3322 superiora
3141 3254 3368 3323 eligitet
3395 3255 3478 3309 di-

197 3351 302 3391 tent
337 3339 572 3407 Spiritus
599 3340 701 3392 vita
737 3351 783 3391 et
817 3357 939 3407 pax.
971 3339 1166 3409 (0rig.)
1211 3340 1458 3408 Nunquid
1488 3356 1591 3395 non
1625 3356 1790 3394 unum

199 3440 371 3497 atque
405 3427 546 3480 idem
581 3436 662 3480 est
697 3429 839 3495 quod
870 3429 999 3482 dicit
1023 3430 1299 3497 prudentia
1324 3431 1497 3483 carnis
1528 3448 1668 3484 mors
1695 3441 1790 3493 est,

201 3531 258 3574 et
293 3517 453 3580 illud,
484 3517 656 3571 littera
682 3519 867 3571 occidit
891 3520 914 3572 ?
936 3519 1103 3588 igitur
1128 3521 1413 3588 prudentia
1439 3520 1622 3574 carnis
1649 3536 1797 3575 mors

204 3620 310 3665 est.
375 3607 475 3662 Cui
527 3625 672 3664 mors
718 3611 836 3663 est?
875 3609 1082 3664 Anima:
1127 3610 1244 3663 sine
1275 3611 1474 3664 dubio:
1507 3611 1596 3679 qui
1651 3612 1796 3664 enim

205 3706 381 3773 legem
417 3702 710 3754 secundum
739 3715 976 3765 carnem,
1011 3701 1062 3754 id
1091 3709 1192 3765 est,
1232 3702 1523 3754 secundum
1561 3701 1796 3754 litteram

209 3791 561 3856 intellexerit,
587 3808 690 3845 non
735 3792 882 3844 venit
915 3791 981 3845 ad
1029 3791 1302 3845 Christum
1337 3792 1426 3860 qui
1457 3800 1540 3845 est
1582 3792 1711 3856 vita,
1745 3801 1800 3846 et

212 3887 333 3940 ideo
375 3883 649 3953 prudentia
699 3883 871 3936 carnis
919 3899 1056 3935 mors
1097 3891 1193 3947 est,
1223 3882 1502 3952 prudentia
1541 3900 1657 3938 vero
1687 3883 1797 3952 spi-

215 3979 346 4028 ritus
378 3975 479 4028 vita
502 3979 710 4042 et‘paw;
741 3974 907 4028 vitam
947 3989 1178 4043 namque
1214 3982 1268 4028 et
1311 3989 1497 4044 pacem
1524 4015 1539 4037 ,
1571 3990 1689 4045 quae
1717 3984 1801 4028 est

214 4069 487 4131 Christus,
556 4067 719 4122 habet
787 4068 876 4137 qui
925 4068 1241 4138 spiritaliter
1300 4069 1549 4138 intelligit
1607 4069 1797 4139 legem.

217 4159 444 4230 (Αηιὺν.)
466 4158 635 4212 Aliter
665 4178 676 4214 :
711 4159 1002 4215 Prudentia
1028 4160 1207 4214 cannis
1232 4170 1508 4230 peccatum
1534 4169 1636 4222 est,
1659 4161 1802 4231 quod

217 4259 440 4321 generat
472 4260 720 4305 mortem.
776 4252 1064 4308 Prudentia
1094 4256 1236 4310 enim
1266 4257 1387 4312 ideo
1415 4257 1648 4323 dicitur,
1678 4273 1802 4312 cum

222 4360 308 4398 res
357 4344 516 4398 stulta
565 4347 670 4410 sit,
713 4348 835 4414 quia
875 4349 1222 4404 saecularibus
1251 4350 1559 4407 hominibus
1587 4365 1804 4404 errores

220 4453 282 4488 ex
335 4437 635 4491 visibilibus
679 4441 948 4507 concepti,
981 4441 1093 4494 sive
1129 4441 1180 4495 in
1210 4457 1370 4496 sensu
1396 4482 1409 4506 ,
1437 4443 1629 4496 siveain
1657 4451 1800 4506 actu,

223 4537 406 4580 contra
453 4525 623 4596 legem
663 4530 754 4583 Dei
785 4532 1066 4600 prudentia
1107 4533 1374 4596 viifentur,
1407 4534 1639 4588 maxime
1673 4533 1799 4601 quia

225 4622 396 4675 omnis
421 4619 680 4678 industria
714 4633 768 4677 et
792 4626 987 4679 astutia
1018 4626 1225 4680 illorum
1274 4627 1324 4680 in
1356 4643 1418 4680 eo
1439 4637 1540 4690 est,
1586 4635 1644 4679 ut
1676 4641 1800 4694 pec.

229 4721 368 4767 cent.
408 4711 606 4781 Sapere
633 4715 775 4767 enim
804 4715 902 4768 sibi
933 4716 1202 4780 videntur,
1237 4716 1279 4769 si
1320 4716 1461 4770 istud
1493 4715 1798 4784 diligentius

229 4810 436 4864 curent,
469 4820 587 4856 cum
624 4791 768 4858 nihil
822 4805 1034 4860 stultius
1072 4807 1178 4869 sit,
1219 4824 1380 4876 quam
1425 4823 1667 4876 peccare.
1705 4808 1806 4862 Est

231 4906 283 4950 et
312 4895 405 4948 alia
441 4897 722 4964 prudentia
753 4899 965 4959 carnis,
1005 4915 1123 4967 qua:
1172 4900 1458 4954 mundanis
1502 4900 1801 4954 rationibus

233 4987 408 5043 inﬂata
437 5030 450 5054 ,
503 5000 660 5059 negat
690 4990 889 5060 aliquid
919 4991 1052 5054 tieri,
1091 5000 1151 5046 ut
1189 4991 1376 5064 [quod]
1409 4994 1589 5046 mundi
1616 5002 1803 5048 careat

236 5084 455 5136 ratione.
496 5082 647 5137 Unde
691 5082 901 5137 deridet
943 5084 1178 5154 Virginis
1228 5093 1460 5153 partem,
1495 5084 1677 5139 carnis
1711 5100 1800 5139 re-

237 5173 631 5226 surrectionem.
668 5170 959 5236 Prudentia
1011 5185 1183 5227 autem
1211 5175 1423 5243 spiritus
1474 5175 1575 5228 vita
1602 5185 1648 5228 et
1674 5191 1797 5244 pax.

243 5263 372 5316 Vere
419 5265 528 5320 lucc
575 5274 659 5321 est
705 5266 990 5336 sapientia,
1022 5281 1141 5336 quae
1169 5267 1332 5320 vitam
1362 5265 1592 5334 acquirit
1631 5277 1685 5320 et
1710 5281 1799 5335 pa-

191 5385 194 5389 -
243 5368 352 5404 cem
383 5366 395 5402 :
426 5369 654 5422 sequens
681 5357 822 5410 enim
853 5355 1136 5426 spiritalia,
1171 5356 1491 5424 contemptis
1534 5355 1802 5409 illecebris

243 5443 357 5496 vita:
381 5445 672 5510 praesentis,
698 5455 956 5502 mternam
985 5447 1203 5502 habebit
1221 5447 1386 5499 vitam
1419 5462 1538 5499 cum
1562 5461 1714 5515 pace,
1747 5446 1799 5500 id

245 5541 341 5596 est,
368 5534 475 5588 sine
505 5535 873 5606 inquietudine
903 5555 916 5590 :
949 5539 1039 5594 ubi
1085 5539 1225 5592 enim
1256 5537 1589 5604 perturbatio
1617 5545 1720 5601 est,
1746 5544 1802 5591 et

247 5641 394 5696 [uena
420 5637 517 5681 est.
564 5665 566 5670 -
659 5695 662 5700 Ι

318 5713 562 5780 Quoniam
583 5723 836 5790 sapientia
861 5722 1030 5774 carnis
1060 5722 1270 5775 inimica
1291 5733 1364 5776 est
1389 5721 1494 5775 Deo
1509 5739 1526 5773 :
1544 5722 1640 5790 legi
1655 5720 1798 5774 enim

253 5801 338 5864 Dei
368 5823 458 5880 non
488 5819 558 5862 est
587 5810 836 5876 subjecta,
887 5826 975 5882 nec
1025 5811 1160 5870 enim
1203 5823 1392 5882 potest.
1436 5810 1626 5879 (Οινίις.)
1657 5811 1797 5876 Quo-

1825 4575 1878 4634 D

1903 3339 2022 3414 ligit
2047 3355 2060 3392 :
2090 3341 2542 3410 quemadmodum
2569 3343 2757 3397 eadem
2783 3358 2936 3412 aqua:
2961 3353 3152 3399 natura
3205 3354 3259 3399 et
3288 3345 3483 3415 frigore

1897 3432 2248 3500 congelascit,
2292 3442 2346 3488 et
2373 3434 2553 3488 calore
2612 3435 2915 3489 resolvitur.
2951 3435 3056 3491 Sed
3087 3452 3208 3491 cum
3241 3437 3482 3492 adhibito

1898 3523 2078 3583 calore
2107 3524 2334 3578 solvitur
2381 3534 2436 3579 et
2484 3525 2704 3580 calescit
2743 3541 2881 3594 aqua
2913 3567 2927 3591 ,
2974 3525 3087 3593 jam
3118 3543 3276 3581 nemo
3307 3536 3484 3597 potest

1898 3631 2017 3670 eam
2049 3617 2230 3671 nivem
2249 3617 2448 3672 dicere.
2469 3616 2616 3685 Legi,
2643 3617 2836 3684 inquit,
2862 3616 2960 3669 Dei
2993 3634 3093 3670 non
3123 3627 3196 3672 est
3223 3618 3481 3687 subjecta,

1899 3724 2062 3777 neque
2089 3710 2225 3762 enim
2261 3718 2446 3777 potest.
2489 3708 2579 3763 Sic
2598 3722 2728 3778 ergo
2751 3709 2951 3763 dictum
2973 3720 3085 3763 est:
3107 3709 3227 3780 Legi
3249 3710 3352 3764 Dei
3384 3727 3486 3764 non

1899 3808 1972 3851 est
2013 3799 2245 3866 subjecta
2288 3799 2568 3867 prudentia
2599 3800 2806 3864 carnis,
2835 3816 2926 3853 nec
2968 3801 3103 3852 enim
3131 3809 3311 3869 potest.
3345 3800 3482 3867 Quid

1901 3898 1986 3942 est
2023 3905 2184 3958 neque
2239 3889 2373 3942 enim
2425 3890 2640 3958 potest?
2683 3906 2788 3944 non
2818 3889 2980 3944 homo
3016 3906 3124 3944 non
3150 3899 3346 3961 potest,
3378 3906 3484 3945 non

1903 3980 2081 4034 anima
2112 3995 2217 4034 non
2266 3990 2463 4050 potest,
2512 3997 2619 4036 non
2651 3983 2880 4052 denique
2906 3984 3022 4052 ipsa
3055 3999 3203 4049 caro,
3235 3985 3360 4054 quia
3387 3984 3481 4039 Dei

1903 4082 2152 4126 creatura
2199 4081 2310 4136 est,
2345 4088 2449 4126 non
2479 4082 2655 4142 potest
2686 4091 2700 4127 :
2735 4075 2828 4128 sed
2855 4076 3139 4142 prudentia
3171 4076 3350 4130 carnis
3376 4092 3480 4131 non

1905 4171 2099 4232 potest,
2149 4163 2338 4216 vitium
2371 4179 2476 4218 non
2505 4173 2717 4232 potest,
2748 4180 2852 4218 non
2883 4173 3096 4220 natura.
3130 4167 3408 4234 Quomodo
3439 4167 3482 4220 si

1905 4257 2133 4317 diceres,
2161 4255 2484 4310 claudicatio
2511 4266 2673 4312 rectae
2700 4258 3053 4312 ambulationi
3094 4255 3312 4312 nonest
3351 4256 3480 4310 sub-‘-

1898 4347 2064 4415 jecta,
2094 4361 2269 4415 neque
2293 4347 2437 4400 enim
2468 4354 2641 4415 potest
2668 4365 2680 4400 :
2711 4361 2805 4417 pes
2826 4357 3021 4418 potest,
3043 4349 3140 4402 sed
3164 4347 3484 4402 claudicatio

1905 4454 2010 4492 non
2045 4446 2249 4507 potest;
2287 4437 2412 4492 tolle
2439 4439 2889 4495 claudicationem
2918 4447 2971 4493 et
3017 4438 3227 4494 videbis
3277 4446 3482 4492 rectam

1897 4530 2348 4604 ambulationem.
2389 4529 2544 4595 Quod
2565 4547 2698 4600 ergo
2732 4532 2825 4594 ait,
2862 4531 3139 4599 prudentia
3172 4529 3346 4582 carnis
3377 4529 3478 4581 ini-

1899 4623 2038 4674 'mica
2082 4622 2137 4680 in
2178 4621 2364 4684 Deum,
2395 4621 2504 4676 noli
2555 4623 2640 4675 sic
2666 4621 2913 4690 accipere
2946 4621 3098 4689 quasi
3131 4619 3350 4673 inimica
3380 4620 3479 4672 ista

1903 4711 2077 4780 possit
2103 4711 2297 4766 lzedere
2317 4712 2504 4772 Deum,
2530 4712 2831 4766 resistendo
2855 4711 3081 4764 inimica
3103 4719 3208 4773 est,
3234 4723 3342 4762 non
3382 4721 3482 4761 no—

1904 4803 2106 4867 cendo;
2130 4803 2205 4858 illi
2225 4811 2408 4857 autem
2429 4812 2588 4858 nocet
2611 4804 2668 4857 in
2687 4815 2797 4873 quo
2829 4805 2937 4856 est
2959 4801 3241 4870 prudentia
3281 4801 3480 4855 carnis.

1907 4896 2135 4967 (Ambr.)
2152 4895 2463 4951 Notandum,
2479 4906 2662 4951 autem
2692 4896 2838 4966 quod
2858 4909 2963 4950 non
2979 4910 3199 4950 carnem
3221 4893 3358 4948 dixit
3385 4892 3507 4946 ini-'

1907 4988 2121 5052 micam,
2137 4988 2232 5042 sed
2254 4989 2570 5058 sapientiae:
2587 4989 2964 5052 carnis,'idest,
2983 5003 3087 5042 non
3104 4985 3482 5050 substantiam,

1907 5075 2002 5130 sed
2049 5084 2141 5131 aut
2197 5077 2369 5133 malos
2418 5087 2608 5142 actus,
2651 5084 2756 5130 aut}
2787 5075 3183 5144 cogitationem
3232 5074 3346 5128 sive
3397 5088 3518 5128 as-v

1906 5169 2300 5224 severationem
2322 5185 2442 5239 qua:
2467 5170 2710 5224 nascitur
2729 5168 2796 5223 de
2810 5181 3019 5222 errore.
3053 5165 3326 5236 Sapientia
3353 5180 3483 5235 ergo

1906 5262 2088 5315 carnis
2133 5271 2215 5315 est
2271 5262 2448 5329 primo
2489 5261 2542 5314 in
2596 5261 2716 5315 loco
2755 5268 3026 5314 astrorum
3080 5260 3146 5313 ab
3178 5248 3518 5313 hominibus"

1904 5348 2121 5410 inventa
2148 5349 2458 5418 disputatio,
2493 5350 2683 5406 deinde
2722 5349 3012 5405 visibilium
3037 5347 3348 5413 oblectatio,
3370 5347 3486 5401 haec

1907 5438 2127 5494 inimica
2177 5450 2305 5496 sunt
2334 5440 2466 5507 Deo,
2516 5442 2640 5510 quia
2660 5440 3056 5496 elementorum
3088 5438 3392 5502 Dominum,
3418 5444 3484 5491 et

1907 5528 2152 5596 opiﬁcem
2193 5530 2378 5586 mundi
2401 5531 2487 5586 bis
2509 5540 2816 5600 coaequant,
2836 5545 2958 5601 qua:
2987 5530 3136 5594 fecit,
3177 5535 3484 5582 adtruentes

1829 5669 1831 5672 i
1907 5619 2039 5674 nihil
2078 5636 2238 5688 posse
2266 5623 2383 5678 ﬁeri
2419 5632 2777 5693 praeterquam
2806 5623 2991 5678 mundi
3033 5621 3273 5677 continet
3299 5616 3478 5680 ratio;

1906 5717 2260 5785 quamobrem
2297 5724 2499 5786 negant
2536 5714 2944 5779 Dem-fecisse,
2973 5721 3034 5768 ut
3061 5712 3226 5782 Virgo
3246 5715 3478 5779 pareret.

1909 5819 2002 5866 aut
2049 5819 2383 5885 mortuorum
2431 5823 2656 5876 corpora
2699 5800 3229 5873 remrgerent,»quia
3259 5795 3481 5855 stultqu
