4000 6398
601 361 743 433 ius
1200 366 1268 428 θ.
1289 367 1560 450 manu
1596 367 1816 454 usum
1851 367 2172 442 ARCHIEP.

601 494 702 552 est,
727 483 997 554 inquiunt,
1009 489 1074 536 ut
1089 481 1232 538 Deus
1255 482 1447 538 i‘ecerit
1470 483 1614 538 ultra
1640 499 1801 554 quam
1830 485 1970 558 sapit
1995 485 2176 538 homo.

601 577 646 633 0
689 571 982 648 prudentes
1011 575 1220 640 mundi,
1259 577 1349 646 qui
1395 585 1586 646 putant
1617 578 1783 631 Deum
1831 593 1936 631 non
1987 576 2185 631 debere

604 667 761 726 aliter
796 667 1000 733 facere,
1024 683 1187 738 quam
1231 667 1359 722 facit
1391 669 1458 722 ab
1486 683 1551 722 eo
1575 669 1789 722 condita
1811 677 2094 734 creatura;
2126 678 2187 724 ut

600 757 716 830 ipse
765 759 962 813 similis
999 759 1264 814 creaturis
1316 757 1572 828 putetur!
1600 759 1692 815 Sic
1729 765 1917 816 caecati
1959 773 2086 816 sunt
2115 772 2184 818 ne

599 832 1051 919 videant-qualem
1071 849 1456 906 contumeliam
1479 849 1589 906 Deo
1611 847 1847 918 faciunt;
1875 867 2012 926 opus
2035 852 2182 908 enirn

600 940 744 1014 quod
769 942 824 997 in
855 941 1066 996 laudem
1111 956 1266 998 suam
1303 940 1701 1017 Praedicaudam
1729 939 1908 998 facere
1927 944 2183 1016 dignatus

599 1017 683 1088 est
705 1073 722 1098 ,
761 1031 853 1088 isti
881 1033 1274 1102 vituperantes,
1322 1017 1661 1112 incredulum
1700 1049 1820 1090 esse
1864 1045 1920 1090 et
1959 1036 2182 1092 stultum

601 1131 872 1188 asserunt,
894 1139 958 1179 ae
981 1139 1078 1193 per
1102 1121 1207 1178 hoc
1233 1119 1339 1192 legi
1368 1121 1466 1179 Dei
1489 1123 1593 1179 hoc
1620 1123 1856 1195 studium
1875 1125 2180 1196 subjectum

599 1228 721 1269 esse
769 1229 874 1269 non
923 1222 1132 1283 potest,
1173 1213 1234 1270 in
1271 1229 1340 1274 eo
1381 1216 1530 1286 quod
1570 1217 1904 1296 exercitatur
1929 1257 1944 1286 ,
1969 1227 2057 1296 qut
2085 1214 2180 1276 Dei

600 1305 766 1376 gestis
803 1315 1082 1378 repugnet.
1203 1299 1207 1308 ’
1677 1293 1681 1301 ’

486 1419 495 1424 ·
600 1387 604 1395 ’
671 1394 773 1458 Qui
802 1395 938 1449 enim
961 1395 1018 1450 in
1037 1412 1198 1450 carne
1223 1405 1344 1451 sunt
1374 1395 1486 1452 Deo
1530 1397 1736 1469 placere
1778 1414 1882 1452 non
1917 1389 2178 1470 possunt:

597 1501 682 1538 vos
715 1495 890 1540 autem
931 1503 1034 1541 non
1059 1489 1182 1542 estis
1208 1473 1263 1542 in
1293 1505 1452 1544 carne
1477 1490 1566 1544 sed
1595 1491 1649 1542 in
1676 1490 1886 1560 spiritu,
1917 1491 1962 1544 si
1999 1478 2179 1544 tamen

599 1575 831 1650 Spiritus
869 1576 964 1635 Dei
1000 1581 1200 1636 habitat
1233 1581 1288 1636 in
1331 1583 1494 1637 vobis.
1541 1581 1736 1654 (Orig)
1781 1584 1883 1654 Qui
1923 1583 1976 1638 in
2015 1599 2181 1639 carne

553 1687 564 1696 ί
599 1678 744 1735 sunt,
767 1671 961 1742 inquit,
982 1673 1086 1729 hoc
1108 1683 1212 1740 est,
1240 1675 1332 1744 qui
1361 1677 1655 1732 secundum
1676 1675 1914 1732 litteram
1944 1692 2180 1747 sequun-

597 1771 686 1816 tur
728 1762 920 1832 legem,
968 1765 1081 1820 Deo
1117 1765 1331 1835 placere
1361 1783 1466 1822 non
1500 1778 1727 1838 possunt
1757 1786 1770 1821 :
1820 1769 1923 1824 hoc
1949 1770 2094 1824 enim
2123 1779 2178 1823 et

595 1855 724 1909 olim
760 1870 859 1925 per
891 1856 1080 1910 Isaiam
1116 1861 1519 1927 pronuntiatum
1545 1870 1629 1916 est
1649 1877 1680 1915 a
1705 1861 1974 1928 Deo,cum
1995 1861 2124 1918 dicit
2157 1881 2188 1916 :.

593 1943 807 2014 Jejuuia
835 1957 884 2002 st
911 1948 1092 2016 ferias,
1116 1959 1164 2003 st
1192 1949 1328 2004 diem
1358 1969 1604 2024 magnum
1637 1963 1860 2008 vestrum
1899 1971 2003 2010 non
2057 1973 2174 2011 sus-

595 2031 733 2087 tineo
760 2050 780 2099 ;
807 2037 1107 2092 acomnia
1130 2047 1180 2092 et
1227 2038 1447 2117 sabbata
1495 2051 1664 2096 vestra
1699 2043 1808 2098 odit
1839 2045 2019 2098 anima
2056 2061 2173 2100 mea

599 2124 736 2196 (Isa.
762 2126 824 2198 t).
850 2126 958 2182 Sed
988 2142 1104 2196 vos,
1135 2129 1339 2200 inquit,
1390 2133 1442 2186 in
1472 2134 1668 2204 quibus
1697 2134 1931 2206 Spiritus
1956 2137 2046 2191 Dei
2077 2139 2173 2192 beo

597 2217 755 2285 bitat,
785 2219 831 2274 sl
870 2228 1052 2276 tamen
1087 2221 1320 2289 habitat,
1374 2223 1428 2278 in
1457 2239 1622 2281 carne
1653 2242 1758 2282 non
1783 2227 1936 2292 estis,
1983 2228 2078 2284 sed
2116 2227 2168 2284 in

600 2305 802 2378 Spiritu
827 2351 842 2376 ,
873 2311 975 2365 hoc
1000 2319 1084 2366 est
1106 2352 1121 2378 ,
1147 2328 1258 2367 non
1287 2313 1692 2386 intelligentiam
1737 2316 2006 2374 carnalem
2038 2317 2173 2388 legis

597 2400 914 2469 sequimini,
961 2401 1055 2457 sed
1109 2403 1444 2473 spiritalem,
1485 2421 1584 2477 per
1626 2422 1788 2477 quam
1841 2411 2065 2465 venistis
2105 2411 2172 2466 ad

600 2489 863 2560 Spiritum
904 2491 1287 2561 viviﬁcantem,
1338 2497 1382 2550 si
1423 2484 1787 2554 tamen-actus
1823 2501 1988 2555 vestri
2039 2501 2174 2557 tales

597 2583 727 2651 sint,
742 2594 800 2640 et
821 2586 1181 2652 conversatio,
1209 2597 1270 2642 ut
1306 2587 1564 2656 Spiritum
1593 2589 1687 2644 Dei
1717 2591 1768 2644 in
1800 2591 1950 2646 vobis
1974 2591 2174 2646 habere

600 2667 934 2732 mereaniini.
965 2678 1022 2734 ln
1049 2679 1184 2734 duas
1211 2695 1342 2751 ergo
1366 2721 1382 2746 ,
1434 2691 1494 2735 ut
1520 2681 1785 2748 diximus,
1819 2693 1998 2753 partes
2034 2686 2172 2740 divi-

598 2769 732 2824 dens
759 2769 928 2841 legem
955 2769 1162 2844 Moysi,
1207 2772 1258 2826 id
1299 2783 1401 2838 est,
1437 2774 1488 2828 in
1529 2775 1778 2844 spiritum
1816 2786 1871 2830 et
1900 2791 2121 2832 carnem
2156 2817 2170 2844 ,

599 2874 721 2928 quae
755 2867 882 2914 sunt
925 2860 1167 2930 spiritus,
1195 2861 1322 2931 quia
1347 2871 1403 2916 et
1429 2863 1722 2932 spiritalem
1773 2864 1944 2936 legem
1986 2866 2171 2936 appel-

597 2949 748 3016 lavit,
787 2952 1048 3022 nobisque
1083 2954 1344 3009 tradidit:
1376 2971 1496 3026 qua
1526 2971 1654 3012 vero
1675 2957 1857 3012 carnis
1881 2966 2004 3012 sunt
2048 2974 2171 3012 car-

603 3043 819 3098 nalibus
859 3043 1057 3099 Iudaeis
1101 3045 1338 3114 reliquit.
1398 3047 1627 3118 (Δηιὼν.)
1667 3047 1882 3103 Aliter:
1914 3047 1969 3102 in
2009 3062 2173 3102 carne

599 3141 724 3186 sunt
765 3134 1038 3202 sapientes
1068 3137 1293 3197 mundi,
1349 3135 1475 3204 quia
1526 3136 1875 3204 respicientes
1913 3138 2171 3192 mundum

599 3223 828 3294 spiritali
856 3224 1131 3292 sapientiai
1158 3225 1438 3292 resistunt,
1455 3223 1579 3295 quia
1613 3236 1759 3282 totus
1783 3229 2012 3282 mundus
2045 3245 2173 3284 caro

599 3325 684 3372 est
713 3334 726 3371 :
753 3331 913 3373 omne
958 3317 1105 3372 enim
1147 3317 1358 3374 visibile
1390 3319 1542 3373 carni
1576 3319 1905 3390 deputatur;
1944 3331 2172 3391 cognata

599 3409 745 3464 enim
781 3417 907 3464 sunt
931 3408 1129 3473 carnis,
1164 3409 1272 3464 imo
1300 3409 1567 3465 elementa
1584 3412 1766 3467 carnis
1793 3429 1807 3464 :
1833 3411 2062 3484 ideoque
2081 3413 2173 3484 qui

587 3503 891 3584 mundanis.
934 3503 1098 3559 rebus
1148 3505 1502 3575 obtemperat,
1551 3506 1606 3562 in
1631 3522 1795 3563 carne
1837 3517 1938 3566 est.
1993 3510 2176 3581 (Aug.)

596 3592 730 3651 ltem
766 3594 820 3648 in
863 3610 1028 3650 carne
1053 3603 1177 3649 sunt
1199 3597 1292 3666 qui
1316 3597 1366 3650 in
1391 3613 1556 3652 carne
1591 3600 1888 3665 conﬁdunt,
1925 3601 2016 3670 qui
2042 3616 2174 3656 con-

599 3685 960 3756 cupiscentias
985 3702 1112 3742 suas
1139 3697 1456 3756 sequuntur,
1489 3691 1580 3759 qui
1605 3690 1659 3744 in
1683 3691 1770 3745 bis
1792 3692 2060 3758 habitant,
2082 3695 2174 3762 qui

595 3793 781 3837 earum
823 3778 1188 3846 voluptatibus
1233 3779 1610 3847 obiectantur,
1637 3783 1814 3852 quiin
1857 3799 2044 3838 earum
2085 3785 2178 3861 tle-

596 3869 977 3923 lectationibus
1017 3869 1230 3924 beatam
1257 3869 1578 3942 felicemque
1609 3874 1773 3927 vitam
1797 3875 2132 3929 constitutmt
2158 3893 2172 3929 :

600 3959 701 4028 ipsi
731 3960 874 4016 enim
904 3959 956 4014 in
998 3975 1162 4014 carne
1205 3969 1350 4026 sunt,
1379 3961 1494 4016 Deo
1533 3961 1744 4032 placere
1784 3979 1888 4020 non
1929 3974 2172 4034 possunt.

597 4049 714 4105 Non
754 4054 898 4106 enim
934 4053 1138 4107 dictum
1174 4061 1296 4120 est,
1346 4055 1439 4124 qui
1489 4064 1670 4110 autem
1718 4072 1846 4111 caro
1897 4066 2023 4112 sunt
2067 4059 2177 4113 Deo

599 4143 816 4213 placere
849 4158 954 4200 non
983 4151 1224 4213 possunt,
1253 4145 1409 4213 quasi
1435 4145 1638 4201 dictum
1667 4155 1810 4200 esset
1857 4147 1910 4201 in
1937 4148 2040 4204 hac
2069 4150 2177 4202 vita

598 4249 724 4288 cum
758 4243 881 4289 sunt
911 4235 1160 4288 homines
1201 4235 1310 4289 Deo
1354 4236 1568 4306 placere
1615 4255 1722 4292 non
1775 4248 2019 4309 possunt.
2078 4239 2176 4296 Vos

597 4333 773 4377 autem
811 4341 920 4377 non
956 4326 1077 4377 estis
1107 4325 1161 4376 in
1185 4341 1361 4389 carne,
1392 4328 1482 4379 sed
1509 4327 1562 4379 in
1599 4328 1806 4396 spiritu.
1837 4329 2070 4400 (Ambr.)
2117 4331 2176 4384 In

599 4429 764 4467 carne
811 4415 971 4481 positi
1012 4415 1262 4468 dicuntur
1299 4431 1402 4468 non
1437 4421 1557 4470 esse
1589 4417 1642 4471 in
1673 4434 1862 4485 carne,
1903 4423 1948 4474 si
1983 4437 2174 4476 assen-

603 4501 798 4556 tientes
827 4501 1020 4556 Joanni
1047 4504 1288 4572 apostolo
1330 4507 1602 4562 mundana
1633 4524 1739 4564 non
1764 4510 2026 4582 diligant;
2053 4528 2175 4568 sen-

597 4593 764 4650 tentia
779 4595 920 4648 enim
941 4594 1172 4654 hominis
1193 4611 1342 4654 suam
1357 4599 1510 4667 quasi
1533 4599 1684 4670 tingit
1701 4609 1948 4657 naturam
1966 4619 1980 4668 ;
2001 4611 2059 4658 ut
2075 4605 2178 4660 hoc

597 4685 894 4754 appelletur
921 4683 1064 4754 quod
1106 4686 1291 4740 sentit.
1323 4687 1526 4760 (Greg.)
1555 4689 1738 4762 Neque
1766 4693 1818 4746 in
1851 4709 2018 4751 carne
2067 4712 2174 4751 non

598 4786 755 4832 erant
779 4777 978 4847 quibus
1005 4777 1270 4846 Epistolas
1307 4781 1708 4836 transmittebat
1735 4797 1750 4836 :
1773 4785 1868 4838 sed
1897 4786 2020 4854 quia
2053 4801 2176 4856 pas-

596 4866 777 4922 siones
803 4867 1104 4922 carnalium
1128 4868 1517 4924 desideriorum
1559 4872 1833 4939 vicerant,
1872 4873 1983 4943 jam
2023 4876 2177 4931 liberi

595 4973 692 5029 per
745 4961 1000 5015 virtutem
1051 4961 1270 5030 spiritus
1311 4961 1366 5016 in
1421 4979 1582 5019 carne
1629 4982 1734 5020 non
1786 4977 1976 5035 erant;
2022 4971 2175 5038 quasi

595 5049 703 5117 iam
729 5052 836 5104 non
863 5051 916 5104 in
942 5066 1109 5106 carne
1133 5067 1253 5107 esse
1282 5062 1384 5118 est,
1409 5055 1474 5108 de
1501 5069 1685 5113 amore
1711 5059 2008 5114 carnalium
2041 5062 2174 5116 nihil

597 5137 818 5194 habere.
851 5139 1002 5206 Quod
1029 5157 1160 5212 ergo
1177 5142 1374 5198 Paulus
1393 5146 1668 5214 apostolus
1690 5148 1821 5202 dicit
1845 5165 1858 5201 :
1889 5149 2026 5214 Quia
2048 5168 2174 5206 caro

598 5237 645 5286 et
659 5232 871 5299 sanguis
893 5249 1104 5301 regnum
1118 5233 1216 5288 Dei
1232 5236 1494 5304 possidere
1507 5255 1610 5290 non
1623 5250 1835 5308 possunt
1853 5240 1902 5312 (1
1917 5241 2038 5296 Cor.
2055 5245 2165 5316 xv);

598 5334 816 5376 carnem
843 5322 956 5376 vult
979 5325 1273 5380 secundum
1299 5327 1510 5397 culpam
1537 5328 1782 5400 intelligi,
1811 5346 1916 5386 non
1949 5349 2168 5388 carnem

597 5412 894 5469 secundum
920 5422 1202 5481 naturam;
1236 5419 1376 5472 unde
1401 5427 1456 5472 et
1484 5433 1604 5480 mox
1627 5461 1648 5484 ,.
1682 5421 1807 5490 quia
1837 5438 2056 5478 carnem
2085 5441 2170 5482 se-

596 5502 832 5560 cundum
850 5502 1060 5573 culpam
1085 5506 1292 5562 diceret
1313 5509 1567 5572 ostendit,
1599 5511 1854 5576 subdens,
1876 5529 2036 5585 neque
2058 5532 2176 5568 cor-

597 5596 768 5665 ruptis
787 5593 1198 5665 incorruptetaus
1233 5598 1536 5666 possidebit.
1567 5597 1626 5654 In
1666 5600 1754 5656 illa
1783 5618 1914 5674 ergo
1935 5605 2177 5660 caelestis

597 5686 752 5754 regni
781 5685 953 5756 gloria
987 5699 1122 5740 caro
1151 5687 1452 5744 secundum
1496 5698 1744 5751 naturam
1796 5696 1902 5749 erit
1923 5735 1938 5761 ,
1970 5696 2062 5752 sed
2092 5713 2177 5752 se-

599 5775 838 5831 cundum
854 5775 1124 5844 passionis
1157 5775 1423 5833 desideria
1475 5794 1584 5836 non
1626 5784 1762 5850 erit,
1798 5785 1922 5854 quia
1963 5787 2174 5842 devicto

2209 368 2516 430 MGGUNT.
2558 369 2844 466 OPERlJM
2877 363 3058 430 PARS
3095 367 3192 433 m.
3721 379 3818 439 liti

2206 484 2256 544 Α
2285 465 2476 539 mortis
2495 484 2685 540 oculeo
2707 485 2760 539 in
2783 493 2984 541 teterna
3007 485 3436 556 incorruptione
3461 490 3707 560 regnabit.
3733 493 3818 548 Non

2283 575 2426 639 estis,
2474 575 2667 644 inquit,
2713 576 2768 628 in
2801 591 2956 630 carne
2979 617 2994 642 ,
3026 577 3118 630 sed
3144 579 3205 630 in
3233 578 3452 648 spiritu,
3477 581 3522 632 si
3550 588 3704 636 tamen
3732 583 3814 654 Spi-

2283 665 2416 718 ritus
2443 663 2542 718 Dci
2569 663 2766 718 habitat
2789 666 2844 719 iu
2874 665 3034 720 vobis.
3067 666 3264 738 (Aug.)
3298 664 3419 723 Non
3446 671 3576 726 estis
3605 673 3654 727 in
3679 689 3812 742 carne,

2283 755 2407 822 quia
2445 769 2551 808 non
2581 753 2766 808 facitis
2801 763 2964 825 Opera
3004 755 3193 810 carnis
3247 757 3636 814 consentieudo
3667 776 3812 816 concu-

2280 845 2560 915 piscentiae
2582 847 2766 900 carnis
2798 863 2810 900 :
2843 847 2938 902 sed
2966 848 3098 903 estis
3151 847 3210 902 in
3245 849 3448 919 spiritu
3468 890 3482 915 ,
3523 851 3638 919 quia
3675 868 3809 907 seruii-

2281 937 2407 990 dum
2449 935 2764 992 interiorem
2806 936 3078 992 hominem
3109 938 3579 994 condelectamini
3607 941 3695 1014 legi
3719 941 3806 1009 Dei,

2281 1027 2375 1082 sed
2407 1029 2512 1084 hoc
2535 1037 2651 1095 est,
2683 1031 2732 1083 si
2753 1037 2928 1082 tamen
2959 1026 3195 1099 Spiritus
3237 1028 3344 1086 Dei
3383 1031 3579 1087 habitat
3607 1035 3657 1088 ia
3691 1036 3804 1089 rotis.

2280 1112 2416 1174 Nam
2445 1120 2490 1176 si
2514 1117 2583 1175 de
2603 1120 2800 1190 spiritu
2823 1129 3004 1175 vestro
3022 1123 3413 1200 praesumitis,
3435 1123 3602 1179 adium
3626 1125 3672 1180 iu
3696 1141 3807 1182 sane

2281 1209 2412 1266 estis
2447 1229 2459 1264 :
2495 1211 2538 1266 si
2563 1211 2696 1284 [sic]
2727 1225 2856 1282 ergo
2882 1211 3090 1268 habitet
3111 1213 3442 1280 arbitrium,
3475 1223 3533 1269 ut
3575 1215 3804 1285 imploratis

2281 1297 2557 1380 auxilium.
2592 1298 2652 1357 Si
2679 1303 2981 1380 tamen,ait,
3011 1299 3252 1374 Spiritus
3282 1301 3388 1380 Dei
3406 1306 3600 1380 habitat
3627 1307 3672 1358 in
3694 1307 3802 1360 vobis.

2281 1379 2522 1471 (Αηιυς.)
2532 1391 2644 1446 Hoc
2661 1391 2782 1446 ideo
2807 1377 3289 1464 sub-ambiguitate
3314 1377 3600 1469 dictuqui:
3619 1397 3664 1450 in
3684 1395 3800 1466 ιρεειιι

2278 1481 2483 1536 inducti
2513 1498 2619 1536 non
2651 1483 2826 1537 adhuc
2855 1483 3108 1554 perfectae
3142 1494 3312 1540 erant
3343 1485 3492 1552 ﬁdei,
3520 1485 3608 1542 sed
3637 1502 3799 1556 spetam

2279 1569 2360 1626 eis
2386 1569 2980 1642 v’idebatperi‘ectionis
3010 1593 3024 1628 :
3049 1574 3200 1631 unde
3231 1575 3526 1646 liquanda
3549 1577 3687 1646 quasi
3715 1593 3798 1648 per—

2279 1661 2435 1718 fectis
2487 1665 2756 1734 loquitur,
2819 1665 3106 1736 aliquando
3160 1669 3329 1738 quasi
3364 1669 3698 1738 perfoderis;
3731 1666 3799 1720 hoc

2279 1767 2382 1821 est,
2430 1756 2716 1826 aliquando
2760 1757 2962 1825 laudat,
3011 1759 3318 1830 aliquando
3345 1769 3666 1824 commouet,
3699 1758 3794 1812 stsi

2203 1849 2251 1924 Β
2279 1839 2574 1904 secundum
2627 1866 2789 1920 supra
2835 1861 3136 1907 memorata
3167 1861 3462 1908 versentur
3502 1851 3641 1921 juxta
3676 1850 3794 1921 legem

2203 1927 2210 1936 ’
2276 1950 2498 2004 naturai,
2538 1939 2591 1995 in
2633 1942 2820 2012 spiritu
2857 1958 2978 1998 esse
3027 1944 3312 2010 dicantur,
3361 1945 3485 2015 quia
3514 1943 3712 2012 Spiritus
3733 1941 3792 1995 Dei

2277 2031 2332 2087 in
2361 2048 2427 2088 eo
2455 2031 2703 2088 habitare
2740 2049 2849 2088 non
2879 2044 3060 2103 potest
3085 2033 3184 2104 qui
3226 2035 3470 2090 carnalia
3495 2033 3721 2103 sequitur.

2345 2123 2402 2180 Si
2428 2141 2544 2197 qua
2575 2124 2831 2195 Spiritum
2853 2123 3047 2180 Christi
3069 2143 3180 2182 non
3201 2127 3382 2192 habet,
3407 2127 3490 2179 hic
3505 2141 3602 2178 uos
3621 2131 3686 2177 est
3696 2122 3789 2190 ejst.

2275 2214 2468 2289 (Orig)
2491 2217 2643 2284 Quod
2671 2217 3044 2272 constantibus
3066 2227 3126 2272 et
3151 2217 3442 2274 dialectica
3477 2225 3589 2271 arte
3612 2212 3790 2269 collectis

2275 2319 2460 2364 utatur
2503 2309 2824 2380 syllogismis
2867 2310 3147 2379 apostolus
3179 2309 3400 2375 Paulus,
3431 2307 3512 2364 vel
3535 2309 3584 2361 in
3607 2307 3692 2360 hoc
3713 2303 3789 2357 loco

2273 2401 2359 2457 vel
2381 2402 2431 2456 iu
2451 2403 2570 2457 aliis
2605 2401 2857 2473 Epistolis
2875 2403 3010 2467 suis,
3025 2418 3139 2458 non
3165 2405 3302 2458 mihi
3327 2417 3468 2457 nunc
3488 2399 3786 2470 exponendum

2274 2495 2502 2560 videtur,
2540 2510 2609 2550 ne
2642 2493 2781 2550 forte
2823 2511 2928 2550 non
2963 2505 3071 2550 ta
3119 2497 3372 2552 scientiae
3410 2495 3522 2565 ejus
3553 2507 3689 2564 quam
3710 2503 3784 2542 ser-

2274 2585 2467 2650 monis,
2495 2587 2547 2639 in
2576 2585 2683 2655 quo
2711 2601 2818 2642 non
2860 2587 2976 2640 vult
3020 2602 3078 2642 se
3110 2588 3353 2657 peritum
3403 2585 3524 2651 dici,
3562 2589 3785 2639 assertores

2272 2693 2393 2735 esse
2423 2680 2738 2746 videamur;
2769 2689 2823 2734 et
2844 2681 2965 2735 ideo
2997 2681 3272 2752 propositi
3299 2681 3470 2753 magis
3493 2676 3682 2750 capituli
3701 2688 3784 2726 sen-

2273 2787 2391 2826 sum
2413 2771 2683 2826 discutere
2705 2771 3118 2840 properabimus
3163 2773 3223 2826 in
3253 2769 3624 2843 superioribus,
3643 2763 3712 2818 ubi
3731 2759 3783 2814 ill-

2273 2864 2387 2918 xit:
2429 2862 2528 2918 Vos
2557 2873 2732 2918 autem
2755 2865 2811 2918 in
2857 2879 3012 2919 carne
3040 2880 3152 2920 non
3191 2867 3342 2930 estis,
3369 2863 3458 2920 sed
3481 2863 3533 2916 in
3565 2851 3782 2930 spiritu."i

2275 2965 2449 3009 tamen
2503 2957 2720 3027 spiritus
2766 2956 2864 3010 Dei
2891 2957 3094 3012 habitat
3148 2958 3209 3012 in
3247 2959 3409 3022 vobis,
3461 2953 3638 3024 duplici
3671 2943 3780 3003 modo

2273 3047 2402 3117 quid
2435 3055 2519 3102 est
2547 3048 2599 3102 in
2621 3049 2810 3119 spiritu
2834 3063 2955 3105 esse
2985 3051 3423 3120 explanavimus,
3444 3048 3494 3104 id
3521 3055 3612 3106 est,
3637 3039 3699 3095 vel
3731 3035 3780 3088 lea

2274 3153 2396 3206 gem
2421 3154 2526 3193 non
2556 3140 2848 3194 secundum
2877 3140 3110 3196 litteram
3131 3141 3231 3198 sed
3253 3137 3536 3196 secundum
3559 3127 3778 3205 spiritalem

2199 3205 2244 3273 ο
2275 3205 2490 3284 Sensum
2545 3229 2859 3302 intelligere,
2916 3232 3001 3286 vel
3047 3233 3218 3287 etiam
3273 3228 3582 3286 mortiﬁcato
3621 3230 3780 3288 οοφοτθ

2277 3322 2499 3393 Spiritus
2525 3328 2580 3374 et
2600 3337 2708 3376 non
2740 3323 2920 3377 carnis
2959 3321 3174 3394 legibus
3215 3323 3432 3384 vivere;
3465 3328 3514 3374 et
3537 3327 3656 3371 nunc
3675 3321 3776 3390 crto,

2275 3413 2418 3482 quod
2445 3412 2576 3467 dicit
2600 3431 2612 3466 :
2641 3411 2702 3467 Si
2734 3413 2851 3484 quis
2871 3423 3046 3467 autem
3063 3415 3310 3485 spiritum
3348 3409 3533 3465 Christi
3557 3419 3641 3458 non
3659 3398 3774 3490 habet.

2275 3503 2358 3557 hic
2385 3518 2490 3556 non
2513 3513 2586 3556 est
2611 3503 2748 3574 ejus,
2789 3511 2846 3556 et
2871 3501 3150 3575 subiungit
3176 3522 3189 3558 :
3243 3501 3304 3558 Si
3337 3511 3501 3554 autem
3537 3491 3725 3548 Christus
3741 3496 3773 3578 tt

2276 3593 2416 3647 vobis
2443 3602 2536 3654 est,
2567 3591 2947 3660 requirendum
2977 3600 3063 3646 est
3102 3603 3286 3649 utrum
3318 3592 3572 3646 diversum
3605 3579 3676 3640 sit,
3702 3588 3772 3640 5P"

2279 3681 2437 3736 ritum
2468 3683 2559 3737 Dei
2599 3698 2717 3737 esse
2765 3683 2820 3736 in
2869 3683 3071 3752 aliquo,
3121 3701 3190 3738 an
3222 3682 3476 3752 Spiritum
3519 3666 3701 3756 Christi,
3722 3661 3770 3756 tt!

2275 3771 2438 3824 etiam
2465 3771 2638 3840 ipsum
2683 3770 2977 3838 Christum,
3003 3778 3096 3826 aut
3146 3772 3404 3844 Spiritum
3427 3765 3534 3834 eius
3559 3755 3637 3829 qui
3656 3755 3769 3807 saw-

2277 3862 2414 3916 tavit
2438 3861 2619 3916 Jesum
2646 3878 2676 3915 a
2707 3864 2950 3918 mortuis.
2997 3862 3104 3918 Sed
3131 3873 3389 3934 quantum
3418 3855 3496 3910 vel
3520 3855 3773 3910 contie‘lllm'

2277 3955 2406 4009 tiam
2445 3955 2546 4010 loci
2575 3956 2857 4024 prmscntis
2887 3955 3116 4020 intueor,
3164 3955 3250 4010 vel
3278 3952 3402 4008 illud
3423 3946 3554 4020 quod
3591 3938 3770 4024 Salvator

2276 4047 2328 4100 in
2379 4023 2669 4116 Evangelio
2713 4045 2780 4100 de
2825 4045 3028 4116 Spiritu
3080 4057 3272 4102 sancto
3318 4042 3461 4104 dicit,
3507 4023 3770 4118 ςυίσΡίδῙπ

2274 4136 2526 4207 procedit,
2587 4146 2632 4190 et
2681 4135 2746 4189 de
2789 4153 2903 4190 meo
2956 4137 3176 4207 accipiet
3235 4135 3410 4206 (Joan.
3451 4127 3554 4218 νὴ
3593 4117 3768 4218 armis

2276 4201 2426 4281 verbi
2473 4227 2908 4296 explanationem
2963 4229 3014 4282 in
3070 4201 3515 4296 consequentibus
3533 4208 3679 4282 jungit
3714 4201 3768 4252 δί’

2277 4336 2439 4374 cens:
2472 4321 2652 4383 Pater,
2703 4322 2876 4374 omnia
2917 4339 3031 4375 mea
3058 4333 3153 4377 tua
3203 4330 3345 4384 sunt,
3365 4325 3412 4371 et
3447 4325 3530 4366 tua
3559 4319 3652 4360 utea
3669 4298 3764 4348 ϐακίν

2275 4421 2546 4482 propterea
2589 4411 2723 4475 dia‘i,
2765 4413 2890 4482 quia
2933 4413 2998 4466 de
3033 4431 3146 4466 meo
3195 4410 3424 4480 accipiet,
3467 4414 3576 4457 cum
3618 4391 3764 4482 ""5""

2278 4501 2416 4556 hanc
2457 4503 2677 4556 unitatis
2708 4503 2848 4557 inter
2889 4501 3102 4558 Patrem
3133 4513 3188 4558 et
3227 4500 3412 4556 Filium
3449 4485 3624 4559 aspicio
3648 4482 3764 4531 ratio-

2279 4608 2426 4657 nem,
2455 4593 2688 4663 Spiritus
2741 4593 2858 4659 Dei,
2902 4604 2958 4650 et
2990 4595 3228 4664 Spiritus
3275 4585 3488 4648 Christi,
3514 4588 3631 4634 nam
3653 4571 3766 4664 “tl”?

2279 4683 2419 4738 idem
2447 4657 2578 4740 mihi
2613 4657 2851 4755 Spiritus
2873 4687 2978 4742 dici
3005 4657 3248 4743 videtur:
3279 4687 3542 4754 possumus
3563 4657 3763 4755 tamctlf‘

2278 4773 2381 4832 hoc
2407 4777 2564 4830 modo
2594 4742 2913 4846 inlclligere,
2946 4779 3086 4847 quod
3113 4779 3249 4833 dixit
3270 4742 3296 4829 τ’
3317 4771 3370 4827 Si
3390 4767 3496 4840 quis
3522 4765 3664 4813 autem
3682 4742 3763 4809 3P"

2279 4870 2438 4923 ritum
2463 4870 2657 4924 Christi
2682 4888 2783 4924 non
2813 4873 2984 4936 habet,
3009 4873 3094 4926 hic
3120 4889 3223 4927 non
3243 4879 3314 4923 est
3355 4865 3478 4934 ej“,
3513 4851 3629 4947 (1⁸ήῖ
3641 4847 3758 4947 ait:

2277 4977 2405 5016 vera
2437 4963 2549 5018 abri
2574 4968 2667 5030 pte
2704 4964 3104 5032 pronuntiatum
3156 4963 3382 5020 videtur,
3413 4946 3532 5050 utsi
3556 4934 3758 5062 tl";

2283 5061 2486 5116 tantus,
2515 5023 2718 5108 el-lulis:
2741 5070 2860 5108 esse
2891 5056 3169 5122 meruerit,
3222 5051 3310 5122 qui
3358 5039 3590 5114 Spl’iwm
3612 5023 3730 5122 Chii?

2282 5144 2482 5200 habere
2511 5145 2703 5214 dignus
2744 5147 2834 5209 sit,
2871 5148 3127 5202 continuo
3163 5139 3357 5200 Christi
3385 5146 3494 5227 esse

2280 5253 2401 5290 cum
2433 5237 2483 5290 in
2516 5237 2741 5292 Psalmis
2767 5238 2944 5292 dicat:
2988 5238 3120 5294 Mea:
3162 5244 3276 5292 sunt
3317 5217 3478 5334 om"?
3507 5207 3754 5334 32:31:“;

2281 5345 2417 5396 rma,
2441 5328 2683 5398 jumenta
2715 5329 2770 5382 in
2813 5331 3090 5394 montibus,
3121 5339 3168 5385 et
3212 5329 3354 5380 boues
3383 5293 3749 5428 ($51.22;;

2279 5416 2322 5471 si
2349 5397 2495 5481 ferae,
2533 5426 2586 5470 et
2603 5417 2846 5486 iumenta
2875 5419 2990 5488 ejus
3017 5429 3160 5486 sunt,
3183 5409 3432 5487 quomodo
3458 5397 3717 5494 horriﬁci":

2275 5516 2400 5564 sunt
2429 5476 2582 5576 ejus?
2603 5476 2707 5563 Sed
2729 5476 2922 5580 potest,
2955 5520 3015 5564 ut
3039 5476 3167 5575 dixi,
3192 5476 3288 5562 hoc
3309 5502 3381 5556 sic
3410 5479 3618 5610 intelligi.
3633 5476 3746 5610 et“:

2272 5601 2440 5658 ludin
2465 5601 2790 5674 Evangelia:
2831 5605 2932 5670 Qui
2980 5622 3081 5660 non
3105 5604 3230 5658 tollit
3260 5589 3616 5696 crucem
3633 5573 3730 5696 iis,

2269 5696 2448 5764 quitur
2471 5712 2574 5758 me,
2601 5663 2706 5750 rion
2725 5705 2800 5749 est
2825 5713 2906 5750 me
2926 5697 3116 5778 dignus
3139 5690 3338 5766 (Matth.
3364 5683 3414 5753 ι)
3437 5695 3452 5744 ;
3479 5680 3526 5790 et
3545 5663 3743 5790 Ιιῖἔῇ

2269 5757 2363 5856 (ἰώ
2413 5803 2518 5848 βου
2563 5757 2732 5844 habet
2761 5757 3022 5858 Spiritum
3063 5757 3282 5847 Christi,
3313 5779 3400 5832 huc
3441 5772 3532 5829 es"
3574 5757 3691 5826 qm"

3885 5763 3887 5850 l
