4000 6398
303 436 443 500 1445

826 424 1372 498 ENARRATIONUM
1409 434 1475 495 lN
1514 438 1662 496 EPP.
1699 430 1906 498 PAULI
1938 438 2064 496 LIB.
2098 434 2190 496 1v.
2228 469 2300 480 —
2332 425 2403 493 IN
2438 437 2656 494 EPIST.
2693 396 2798 493 ut
2823 420 2991 495 non.

3404 426 3540 494 1446

298 556 489 610 eodem
542 555 732 627 spiritu
779 554 961 625 agitur
1004 564 1201 624 etpro
1224 551 1457 623 justitia,
1489 568 1603 625 ,pro
1629 538 1875 619 veritate,
1906 554 1958 615 Α
1983 568 2041 606 se
2070 567 2166 622 per
2195 550 2454 621 Spiritum
2496 548 2629 619 ejus,
2659 550 2751 623 qui
2799 548 3076 607 suscitavit
3116 547 3299 611 Iesum
3338 566 3376 607 ι
3405 566 3549 607 tuor-

299 667 398 722 pro
425 650 590 711 verbo
618 649 708 706 Dei
732 648 1117 712 annuntiando,
1144 664 1241 718 pro
1266 664 1429 718 regno
1453 648 1707 703 caelorum
1737 664 1875 718 pra:-

301 739 549 807 dicando,
608 754 703 813 pro
734 739 914 794 littera
964 739 1097 811 legis
1152 738 1472 813 abiicienda,
1516 747 1571 793 et
1626 739 1871 809 spiritum

300 831 417 905 ejus
444 831 752 902 aperiendo,
803 845 900 900 pro
931 820 1230 887 resistendo
1258 831 1542 885 adversum
1569 839 1869 899 peccatum,

300 938 399 993 pro
421 922 505 977 his
527 922 794 986 omnibus,
822 922 915 991 qui
964 936 1069 981 non
1102 935 1272 991 usque
1318 919 1385 975 ad
1415 908 1640 975 mortem
1690 920 1875 979 venire

302 1012 522 1082 paratus
554 1020 658 1083 est,
701 1026 806 1065 non
850 1018 933 1066 est
974 1009 1090 1081 ejus
1137 1010 1447 1089 discipulus.
1477 1011 1579 1080 Qui
1618 1026 1745 1082 ergo
1768 1027 1874 1066 non

302 1101 387 1158 est
413 1102 548 1166 talis,
579 1116 679 1157 nec
706 1101 862 1156 talem
884 1101 939 1156 in
970 1117 1028 1156 se
1056 1100 1304 1177 spiritum
1335 1101 1492 1173 gerit,
1517 1100 1603 1157 hic
1624 1111 1873 1159 creatura

303 1194 520 1264 quidem
551 1195 666 1266 ejus
688 1203 793 1260 est,
824 1195 963 1253 sicut
998 1194 1125 1251 ferre
1158 1195 1433 1261 silvarum,
1461 1203 1516 1249 et
1553 1194 1795 1265 jumenta
1818 1192 1873 1253 in

302 1285 597 1351 montibus,
650 1293 704 1339 et
754 1285 940 1353 boves,
995 1286 1087 1340 sed
1124 1285 1417 1355 discipulus
1454 1283 1571 1354 ejus
1624 1299 1731 1349 non
1767 1291 1869 1339 est.

302 1375 393 1431 Sic
421 1392 588 1455 ergo:
651 1376 712 1432 Si
754 1377 867 1455 quis
911 1375 1163 1453 Spiritum
1201 1376 1392 1439 Christi
1438 1394 1539 1431 non
1589 1376 1763 1441 habet,
1790 1376 1873 1431 hic

302 1486 406 1523 non
430 1479 503 1523 est
524 1470 655 1545 ejus.
690 1467 923 1551 (Arnim)
974 1470 1185 1535 Duabus
1212 1471 1353 1539 enim
1377 1485 1444 1529 ex
1472 1470 1650 1533 causis
1676 1470 1876 1535 deserit

288 1554 572 1613 hominem
614 1557 848 1637 Spiritus
887 1568 1119 1629 sanctus,
1163 1576 1284 1627 cum
1314 1569 1408 1621 aut
1450 1576 1667 1623 sensum
1693 1563 1873 1629 carnis

301 1649 477 1714 habet,
502 1658 593 1719 aut
626 1659 796 1729 gesta.
831 1650 1016 1731 Itaque
1051 1667 1147 1722 per
1186 1652 1298 1713 haec
1326 1652 1392 1705 ad
1426 1652 1622 1715 bonam
1650 1667 1873 1717 conver-

299 1738 561 1793 sationem
600 1739 891 1810 compcllit,
920 1738 1047 1819 quia
1073 1742 1321 1811 quamvis
1347 1742 1589 1800 bonitate
1642 1742 1736 1803 Dei
1762 1743 1869 1797 eri-

299 1839 493 1902 gantur
523 1830 785 1898 homines,
812 1847 914 1887 non
946 1828 1279 1908 honorantur
1305 1840 1484 1889 tamen
1511 1833 1607 1888 ﬁlii
1638 1832 1732 1893 Dei
1773 1849 1870 1888 vo—

1978 639 2083 703 tui's
2118 645 2464 701 viviﬁcandos
2511 659 2629 700 esse
2676 652 2729 701 et
2769 644 2836 701 ad
2891 642 3091 711 Christi
3140 642 3544 701 similitudinem

1951 738 2374 805 resuscitandas
2403 754 2433 791 a
2461 738 2685 795 mortuis
2713 754 2727 807 ;
2759 746 2813 792 et
2838 744 3103 809 quatenus
3129 734 3185 794 id
3221 734 3333 803 ﬁat,
3364 743 3545 790 osten-
3576 781 3585 785 -

1974 828 2051 883 dit
2075 829 2277 892 dicens,
2330 835 2550 897 propter
2602 826 2988 891 inhabitantem
3037 824 3297 899 Spiritum
3348 822 3462 895 ejus
3490 825 3545 909 in

1972 919 2145 976 vobis.
2178 918 2232 973 Si
2261 918 2403 974 enim
2443 916 2673 986 Spiritus
2699 917 2901 977 Christi
2939 917 3142 979 habitat
3167 917 3222 971 in
3263 916 3413 977 vobis
3453 932 3546 972 ne-

1973 1013 2266 1071 cessarium
2290 1013 2500 1075 videtur
2527 1011 2750 1085 Spiritui
2796 1013 2943 1070 reddi
2990 1011 3357 1087 habitaculum
3385 1027 3542 1069 suum

1974 1104 2337 1177 templumque
2383 1092 2615 1169 restitui.
2662 1103 2843 1177 (Aug)
2871 1104 2971 1175 Qui
3003 1106 3234 1177 lunatis,
3261 1107 3351 1179 qui
3380 1105 3543 1169 etiam

1972 1208 2070 1264 pro
2094 1195 2205 1269 ipsa
2253 1208 2418 1249 carne
2459 1193 2671 1255 solliciti
2717 1194 2866 1260 estis,
2895 1194 3119 1264 capillus
3159 1195 3350 1266 capitis
3376 1195 3545 1252 vestri

1971 1301 2078 1341 non
2123 1284 2337 1355 peribit.
2387 1284 2556 1345 Adam
2602 1286 2872 1354 peccando
2908 1286 3279 1351 damnavitJu
3317 1295 3542 1351 mortem

1971 1390 2199 1449 corpora
2242 1383 2458 1443 vestra;
2508 1376 2603 1431 sed
2652 1375 2812 1442 Datis,
2846 1376 2893 1432 si
2938 1385 3021 1451 est
3064 1374 3296 1449 Spiritus
3330 1375 3447 1446 ejus
3489 1374 3544 1432 iu

1969 1466 2142 1529 vobis,
2173 1467 2466 1522 viviﬁcabit
2490 1475 2543 1522 et
2570 1467 2815 1529 mortalia
2860 1483 3085 1539 corpora
3112 1477 3310 1536 vestra,
3362 1469 3441 1527 sic
3485 1469 3547 1535 li-

1969 1557 2251 1613 beraberis
2273 1558 2339 1613 de
2363 1573 2589 1629 corpore
2633 1560 2822 1621 mortis
2865 1559 3043 1629 hujus,
3087 1576 3196 1627 non
3220 1576 3416 1631 corpus
3439 1577 3546 1617 non

1973 1648 2235 1715 habendo,
2292 1651 2374 1705 vel
2425 1651 2652 1712 alterum
2700 1649 2968 1719 habendo,
3021 1653 3113 1711 sed
3165 1668 3273 1715 non
3325 1652 3547 1711 ulterius

1973 1742 2273 1807 moriendo,
2330 1743 2603 1810 viviﬁcabit
2644 1754 2692 1798 et
2722 1743 2965 1805 mortalia
3005 1762 3223 1816 corpora
3266 1754 3430 1799 vestra
3454 1762 3548 1815 per

1972 1833 2347 1889 inhabitantem
2396 1833 2655 1903 Spiritum
2703 1835 2816 1903 ejus
2862 1833 2916 1896 in
2968 1836 3128 1899 vobis,
3185 1852 3292 1895 non
3328 1844 3548 1906 prepter

297 1921 433 1991 cari,
477 1923 579 1980 nisi
610 1924 689 1981 sic
734 1922 987 1995 vixerint,
1034 1940 1102 1981 ne
1145 1924 1349 1995 indigni
1373 1941 1628 1989 concesso
1656 1928 1870 1985 nomine
1898 1920 1945 1979 B
1974 1922 2161 1977 merita
2188 1924 2507 1988 vestra,oscd
2534 1931 2753 1995 prepter
2782 1940 3004 1982 munera
3042 1940 3162 1991 sua,
3191 1928 3400 1995 quando
3434 1942 3548 1979 cor-

298 2013 598 2071 videautur.
631 2011 813 2088 (Aug.)
859 2010 974 2083 Non
1019 2032 1148 2089 ergo
1174 2032 1233 2072 se
1266 2017 1539 2085 extendat,
1577 2034 1685 2077 non
1711 2034 1769 2074 se
1790 2018 1873 2093 ja-

297 2112 428 2169 ctet,
456 2121 563 2159 non
594 2105 696 2163 sibi
740 2115 953 2179 arroget
989 2106 1243 2163 virtutem
1297 2110 1570 2185 propriam
1622 2125 1789 2183 egena
1820 2120 1876 2166 et

296 2194 483 2248 vitiata
514 2203 726 2261 natura,
760 2196 821 2253 Si
859 2199 975 2273 quis
1023 2196 1277 2279 Spiritum
1320 2197 1513 2255 Christi
1557 2216 1660 2255 nou
1697 2200 1869 2269 habet,

1974 2012 2216 2068 ruutibile
2259 2014 2354 2067 hoc
2397 2013 2577 2068 induet
2625 2015 3061 2085 incorruptionem
3116 2026 3163 2070 et
3211 2015 3427 2071 mortale
3452 2015 3548 2070 hoc

1970 2101 2148 2157 induet
2169 2102 2608 2158 immortalitatem
2625 2103 2677 2176 (I
2693 2102 2815 2161 Cor.
2836 2106 2922 2175 xv)
2947 2124 2961 2160 :
2987 2105 3057 2161 ibi
3076 2121 3175 2175 pax
3192 2105 3429 2183 perlecta
3443 2115 3545 2173 est,

1973 2194 2098 2264 quia
2139 2192 2271 2249 nihil
2314 2194 2683 2251 molestiarum
2731 2196 2909 2250 anima
2931 2197 2995 2251 de
3029 2212 3255 2265 corpore
3290 2199 3542 2267 patietur,

296 2300 402 2339 non
432 2300 489 2340 se
514 2284 683 2352 fallat,
726 2286 809 2340 hic
832 2304 933 2345 ηοη
955 2298 1031 2349 est
1057 2289 1190 2356 ejus.
1228 2282 1368 2355 Ecce
1390 2288 1675 2367 adjuvante
1707 2291 1874 2363 ipsius
1966 2284 2077 2355 jam
2105 2285 2374 2341 viviticato
2398 2293 2452 2340 et
2480 2287 2535 2341 in
2579 2285 2851 2342 caelestem
2896 2285 3208 2357 qualitatem
3240 2289 3543 2349 immutato.

297 2374 695 2441 misericordia,
714 2374 915 2431 Christi
946 2376 1201 2455 Spiritum
1225 2376 1519 2449 habemus;
1542 2396 1607 2434 ex
1635 2383 1747 2451 ipsa
1775 2380 1873 2435 de-

293 2462 581 2527 lectatione
604 2464 843 2534 justitiaa,
878 2466 1087 2539 integra
1127 2467 1251 2534 ﬁde,
1281 2468 1544 2523 catholica
1570 2485 1720 2545 pace,
1753 2470 1874 2543 Spi-

291 2561 456 2615 ritum
488 2561 583 2619 Dei
602 2562 756 2618 nobis
783 2562 959 2621 inesse
982 2566 1355 2635 cognoscimus
1379 2583 1392 2623 ;
1428 2566 1520 2620 sed
1540 2565 1668 2641 quid
1690 2566 1754 2628 de
1781 2566 1871 2621 illa

291 2667 458 2707 carne
484 2654 724 2720 mortali,
754 2655 879 2731 quid
911 2656 976 2712 de
1018 2654 1132 2726 lege
1169 2655 1225 2713 in
1252 2657 1509 2712 membris
1544 2668 1873 2729 repugnante

289 2741 396 2813 legi
425 2744 639 2817 mentis,
692 2745 820 2816 quid
859 2745 925 2801 de
952 2744 1042 2801 illo
1089 2746 1313 2825 gemitu,
1344 2746 1509 2807 Miser
1550 2764 1642 2819 ego
1673 2748 1874 2805 homo?

288 2836 418 2889 andi
448 2837 589 2918 quod
613 2838 858 2906 sequitur
883 2856 896 2892 :

369 2923 430 2980 Si
460 2936 635 2985 autem
666 2925 979 2987 Christus‘in
1001 2929 1139 2984 vobis
1160 2940 1256 2996 est,
1281 2948 1467 3002 corpus
1493 2930 1699 3005 quidem
1726 2949 1870 2987 mor-

282 3025 441 3069 tuum
469 3026 543 3070 est
565 3028 775 3088 propter
793 3031 1081 3091 peccatum,
1108 3023 1322 3088 spiritus
1357 3040 1474 3079 vero
1518 3025 1636 3078 vivit
1661 3036 1872 3099 propter

273 3108 573 3179 justitiam.
627 3109 822 3183 (0rig.)
852 3109 1112 3185 Spiritum
1146 3113 1369 3180 Christi,
1396 3122 1452 3170 et
1490 3112 1786 3182 Christum,
1814 3116 1871 3172 in

278 3200 397 3254 hoc
422 3198 540 3255 loco
567 3214 734 3255 unum
772 3201 901 3259 mihi
944 3212 1104 3281 atque
1131 3205 1273 3262 idem
1310 3204 1489 3261 dicere
1531 3207 1777 3275 videtur;
1813 3207 1868 3264 in

275 3304 401 3358 quo
422 3304 549 3360 ergo
575 3288 823 3345 Christus
845 3297 948 3358 est,
974 3275 1084 3364 ipse
1106 3295 1257 3361 dicit,
1292 3296 1413 3373 quia
1435 3315 1634 3371 semper
1653 3309 1867 3354 mortem
1897 3275 1941 3338 δ

282 3378 489 3432 Christi
510 3380 563 3432 in
595 3398 806 3452 corpore
838 3394 1012 3437 nostra
1042 3385 1455 3455 circumferimus
1477 3405 1496 3455 ,'
1521 3405 1666 3444 mors
1689 3400 1868 3445 autem

288 3466 508 3537 corpori
533 3469 738 3536 peccati
780 3487 965 3540 causa,
993 3472 1045 3525 id
1091 3483 1194 3539 est,
1222 3489 1290 3528 ne
1317 3484 1523 3544 peccet,
1557 3477 1868 3549 imponitur.

294 3557 447 3624 Quod
470 3558 515 3613 si
543 3573 736 3629 corpus
766 3570 987 3631 peccato
1015 3572 1283 3619 mortuum
1311 3577 1415 3635 est,
1446 3566 1668 3637 spiritus
1686 3583 1872 3623 neces-

294 3650 440 3707 sario
477 3652 544 3720 ad
570 3650 1146 3725 faciendamjustitiam
1175 3656 1337 3710 vivit:
1364 3658 1454 3731 qui
1480 3658 1623 3713 enim
1664 3660 1716 3713 in
1746 3675 1869 3715 cor-

295 3757 427 3815 pore
454 3750 695 3798 mortuus
747 3753 847 3812 est,
877 3761 976 3802 nec
1028 3747 1190 3801 servit
1252 3757 1495 3825 peccato,
1541 3765 1759 3806 necesse
1790 3760 1872 3806 cst

295 3843 358 3888 ut
389 3834 441 3887 in
474 3832 677 3904 Spiritu
703 3835 865 3900 vivat,
891 3845 946 3891 et
987 3836 1211 3907 justitiae
1238 3838 1454 3892 serviat.
1492 3837 1582 3893 Sic
1627 3848 1683 3893 et
1729 3840 1870 3895 idem

295 3926 586 3997 Apostolus
614 3927 666 3981 in
690 3928 921 3997 quodam
947 3927 1063 3982 loco
1088 3929 1236 3995 dicit,
1285 3930 1567 3987 tradidisse
1593 3946 1650 3985 se
1679 3948 1867 4002 quem-

297 4018 418 4073 dam
450 4018 499 4071 in
531 4017 806 4072 interitum
827 4020 1007 4074 carnis
1030 4027 1086 4073 ut
1107 4020 1326 4091 spiritus
1355 4021 1534 4076 salvus
1559 4021 1652 4075 ﬁat
1674 4022 1723 4094 (Ι
1746 4021 1867 4077 Cor.

296 4108 372 4179 v).
394 4106 577 4185 [Aug.]
604 4109 773 4182 Aliter
798 4128 808 4163 :
836 4109 1039 4180 Corpus
1064 4120 1332 4173 mortuum
1362 4112 1491 4171 dicit
1511 4112 1737 4169 mortale
1765 4131 1777 4165 :
1804 4128 1871 4169 ex

298 4200 465 4269 ipsius
489 4200 632 4253 enim
654 4201 977 4257 mortalitate
1006 4203 1297 4274 indigentia
1329 4218 1511 4258 rerum
1535 4213 1871 4258 terrenarum

297 4289 550 4345 sollicitat
605 4291 880 4359 animam,
925 4304 981 4346 et
1034 4295 1276 4362 quaedam
1329 4294 1594 4349 desideria
1651 4295 1867 4358 excitat,

298 4382 492 4453 quibus
542 4385 608 4437 ad
660 4384 991 4453 peccandum
1047 4401 1153 4440 non
1206 4386 1565 4455 obtemperat,
1617 4388 1707 4456 qui
1758 4385 1871 4453 jam

302 4482 480 4527 mente
524 4476 691 4528 servit
738 4475 840 4544 legi
891 4475 1022 4528 Dei:
1055 4491 1251 4545 corpus
1281 4487 1461 4532 autem
1507 4493 1610 4532 non
1663 4486 1870 4533 tantum

303 4564 620 4617 moriturum
652 4576 874 4635 propter
917 4568 1108 4622 animm
1160 4568 1469 4624 abscessum
1522 4570 1613 4640 qui
1663 4569 1873 4625 futurus

302 4662 403 4719 cst,
438 4655 530 4707 sed
556 4662 761 4708 tantum
808 4666 1027 4728 prepter
1068 4657 1432 4712 inﬁrmitatem
1461 4659 1639 4713 carnis
1668 4669 1722 4714 et
1751 4675 1874 4714 san-

303 4745 495 4814 guinis,
523 4746 681 4800 etiam
714 4757 981 4802 mortuum
1025 4750 1238 4815 dicitur,
1288 4751 1538 4820 loquente
1581 4751 1870 4820 Apostolo:

303 4833 501 4905 Corpus
528 4835 734 4917 quidem
772 4848 1030 4892 mortuum
1074 4850 1147 4894 est
1178 4852 1382 4912 propter
1410 4852 1701 4913 peccatum,
1722 4841 1876 4912 spiri—

305 4937 384 4978 tus
414 4935 585 4979 autem
616 4928 718 4980 vita
747 4938 822 4981 est
851 4940 1058 4999 propter
1096 4930 1379 4999 justitiam,
1408 4934 1522 4988 haec
1546 4933 1658 4988 vita
1680 4949 1746 4989 ex
1770 4933 1875 4988 ﬁde

306 5015 440 5070 facta
470 5024 572 5082 est,
603 5017 855 5085 quoniam
886 5019 1056 5074 virtus
1082 5036 1146 5073 ex
1173 5020 1274 5076 llde
1295 5024 1446 5077 vivit.

376 5108 526 5173 Quod
554 5110 599 5162 si
629 5108 855 5178 Spiritus
879 5110 1008 5180 ejus,
1038 5113 1125 5182 qui
1164 5115 1428 5169 suscitavit
1452 5115 1629 5170 Jesum
1672 5133 1702 5169 a
1732 5131 1873 5168 mor-

308 5199 429 5262 tuis,
461 5199 658 5253 habitat
684 5201 741 5255 in
769 5202 929 5266 vobis,
965 5204 1053 5275 qui
1092 5205 1358 5258 suscitavit
1383 5204 1565 5260 Iesum
1607 5206 1870 5260 Christum

311 5306 341 5340 a
372 5292 583 5344 mortuis
620 5293 893 5361 viviﬁcabit
920 5304 969 5349 et
998 5296 1242 5350 mortalia
1286 5312 1501 5367 corpora
1548 5308 1713 5351 vestra
1750 5315 1874 5368 pro-

310 5389 418 5450 pter
464 5381 835 5439 inhabitantem
899 5385 1150 5456 Spiritum
1197 5387 1311 5457 ejus
1354 5390 1408 5441 in
1457 5389 1616 5443 vobis.
1676 5388 1870 5460 (Orig.)

312 5469 567 5536 Quoniam
595 5484 756 5541 supra
786 5474 994 5530 dixerat
1013 5477 1080 5532 de
1107 5478 1211 5543 bis,
1242 5478 1331 5546 qui
1363 5478 1427 5531 ad
1467 5478 1869 5535 similitudinem

315 5561 496 5615 mortis
516 5562 715 5617 Christi
742 5579 964 5634 corpora
1013 5585 1109 5623 sua
1134 5570 1480 5644 lmortiﬂcant
1530 5587 1597 5626 ne
1626 5580 1872 5642 peccent,

316 5654 611 5708 necessario
646 5670 800 5710 nunc
847 5659 1173 5715 mentionem
1225 5660 1354 5717 facit
1405 5661 1520 5730 ejus
1565 5663 1655 5732 qui
1699 5662 1872 5717 susci-

319 5744 445 5798 tavit
471 5744 741 5802 Christum
781 5761 811 5801 a
842 5749 1088 5816 mortuis,
1136 5760 1195 5805 ut
1246 5752 1406 5807 simili
1451 5753 1631 5818 modo,
1677 5759 1733 5807 et
1758 5752 1874 5821 pari

320 5836 518 5896 ratione
544 5852 651 5910 qua
697 5840 1014 5897 commortui
1059 5848 1203 5909 sunt,
1241 5850 1299 5899 et
1340 5843 1656 5914 consepulti,
1704 5843 1877 5901 sciant

2042 2374 2235 2446 Igitur,
2280 2376 2490 2445 fratres,
2539 2374 2792 2431 debitores
2820 2393 3016 2449 .sumus
3068 2394 3170 2431 non
3197 2379 3342 2432 carni
3388 2389 3442 2433 ut
3470 2397 3548 2435 se-

1973 2466 2199 2520 cundum
2232 2482 2441 2521 carnem
2471 2467 2714 2523 vivamus.
2745 2464 2939 2543 (Orig)
2986 2466 3389 2547 Consequeuter
3418 2484 3545 2543 ergo

1971 2575 2114 2615 nunc
2138 2559 2303 2623 addit,
2335 2561 2459 2629 quia
2483 2561 2733 2616 debitores
2765 2579 2965 2627 sumus,
2993 2578 3178 2617 eorum
3210 2564 3324 2618 sine
3362 2564 3541 2629 dubio,

1971 2666 2091 2719 qua:
2111 2667 2140 2705 a
2160 2649 2361 2721 Spiritu
2383 2651 2582 2706 Christi
2607 2653 2880 2708 consecuti
2904 2669 3107 2708 sumus.
3125 2653 3316 2709 Carnis
3340 2663 3544 2721 autem,

1971 2744 2164 2814 inquit,
2200 2744 2452 2799 debitores
2489 2762 2590 2799 non
2618 2762 2840 2811 sumus;
2885 2761 3059 2817 neque
3088 2747 3231 2801 enim
3267 2755 3546 2829 propterea

1969 2849 2068 2889 nos
2096 2832 2222 2889 fecit
2243 2834 2383 2888 Deus
2405 2835 2470 2889 ad
2502 2835 2784 2911 imaginem
2816 2852 2990 2903 suam,
3022 2845 3079 2890 ut
3107 2837 3285 2893 carnis
3329 2838 3546 2894 servitio

1971 2939 2212 2980 essemus
2256 2925 2492 2989 obnoxii,
2517 2926 2607 2980 sed
2638 2926 2835 2997 potius,
2865 2933 2923 2980 ut
2966 2926 3197 2983 creatori
3239 2944 3336 2983 suo
3366 2930 3543 2982 anima

1970 3014 2278 3070 deserviens
2301 3016 2414 3085 ipsa
2437 3015 2655 3070 servitio
2681 3031 2743 3071 ac
2771 3016 3065 3071 ministerio
3087 3016 3265 3072 carnis
3286 3026 3543 3073 uteretur.

1972 3105 2196 3178 (Ambr.)
2229 3106 2454 3162 Rectum
2488 3115 2542 3161 et
2562 3107 2903 3162 manifestum
2923 3117 3004 3165 est
3029 3124 3135 3163 non
3168 3125 3265 3164 nos
3287 3110 3543 3164 adiuven-

1974 3199 2104 3254 tioni
2140 3197 2288 3263 Adae,
2316 3202 2405 3268 qui
2459 3197 2749 3253 carnaliter
2769 3199 2900 3271 egit,
2942 3198 3307 3254 obsecundare
3331 3199 3546 3265 debere,

1973 3293 2061 3362 qui
2106 3291 2257 3362 prior
2285 3304 2517 3360 peccans
2564 3298 2790 3345 mortem
2839 3291 2993 3346 nobis
3037 3290 3367 3346 hzereditatis
3390 3289 3548 3344 titulo

1972 3380 2291 3450 dereliquit:
2339 3381 2431 3436 sed
2456 3380 2559 3451 legi
2604 3379 2803 3436 Christi
2829 3381 3033 3436 servire
3059 3397 3156 3436 nos
3196 3381 3409 3448 debere,
3453 3380 3546 3455 qui

1971 3485 2071 3524 nos
2115 3470 2339 3539 spiritali
2392 3472 2599 3524 ratione
2636 3488 2665 3525 a
2710 3482 2884 3526 morte
2932 3472 3238 3542 supradicta
3283 3471 3544 3528 redemit:

1973 3562 2099 3617 huic
2134 3562 2277 3615 enim
2301 3576 2486 3617 sumus
2512 3563 2801 3627 debitores,
2831 3565 2922 3635 qui
2950 3580 3047 3619 nos
3077 3566 3382 3621 carnalibus
3403 3565 3548 3621 vitiis

1974 3650 2276 3706 sordidatos
2304 3667 2399 3722 per
2423 3652 2695 3707 lavacrum
2736 3654 2956 3723 spiritus
2988 3653 3544 3727 ablutosjustiﬁcavit,

1974 3749 2030 3795 et
2054 3740 2189 3795 ﬁlios
2217 3740 2309 3795 Dei
2340 3740 2485 3796 fecit.
2516 3741 2673 3798 Prius
2712 3744 2855 3798 enim
2883 3744 2936 3798 in
2979 3760 3141 3799 carne
3181 3746 3339 3816 positi
3362 3762 3546 3803 exem-

1973 3830 2062 3900 plo
2111 3829 2237 3886 Adae
2276 3831 2586 3887 vivebamus
2635 3833 2861 3903 subjecti
2906 3835 3179 3905 peccatis;
3229 3851 3370 3891 nunc
3416 3852 3547 3893 vero

1973 3922 2189 3978 liberati
2215 3935 2490 3995 apeccato
2522 3926 2744 3981 reddere
2785 3927 3041 3985 debemus
3087 3928 3404 4000 obsequium
3444 3929 3547 3986 Re-

1975 4014 2260 4083 demptori.
2293 4016 2442 4083 Quod
2498 4018 2712 4086 quidem
2760 4019 3071 4090 obsequium
3105 4037 3210 4074 non
3242 4020 3317 4075 illi
3362 4023 3546 4093 utique

1973 4100 2205 4175 prolicit,
2257 4107 2347 4176 qui
2371 4106 2569 4162 nullius
2595 4117 2734 4177 eget,
2785 4110 2877 4164 sed
2920 4110 3072 4164 nobis
3108 4110 3270 4164 vitam
3317 4112 3550 4182 acquirit

1973 4205 2231 4251 aeternam
2257 4215 2271 4264 ;
2318 4199 2397 4254 sic
2437 4199 2578 4254 enim
2606 4200 2777 4271 diligit
2802 4217 2899 4256 nos
2926 4210 2985 4255 ut
3029 4202 3129 4255 sibi
3158 4202 3383 4273 imputet
3406 4203 3547 4273 quod

1975 4290 2130 4346 nobis
2179 4291 2409 4362 prolicit.
2458 4292 2655 4365 (θήρ.)
2691 4293 2795 4347 Sed
2846 4293 3075 4348 fortasse
3114 4294 3256 4348 dicet
3305 4293 3543 4364 aliquis:

1974 4383 2252 4450 Quomodo
2278 4385 2426 4439 carni
2456 4400 2559 4439 non
2589 4400 2774 4441 sumus
2801 4385 3089 4450 debitores,
3115 4402 3236 4440 cum
3264 4396 3317 4439 et
3347 4387 3547 4440 victum

1974 4473 2045 4539 ei,
2073 4481 2125 4528 et
2162 4475 2532 4530 indumentum
2561 4477 2840 4546 providere
2876 4485 3080 4531 natura:
3109 4479 3426 4533 necessitate
3458 4493 3548 4533 co.

1975 4568 2207 4637 gamur?
2237 4568 2329 4623 sed
2361 4577 2418 4621 ut
2443 4570 2689 4623 ostendat
2712 4586 2817 4623 non
2843 4571 2991 4624 carni
3028 4570 3228 4639 aliquid
3279 4571 3545 4635 conferre,

1976 4657 2067 4712 sed
2095 4658 2261 4725 ipsam
2293 4658 2454 4710 vitam
2490 4658 2636 4711 carni
2684 4660 2994 4728 mancipare
3022 4658 3281 4726 culpabile
3327 4658 3547 4725 haberi,

1974 4747 2093 4801 ideo
2132 4748 2316 4801 addit:
2350 4745 2406 4800 Si
2434 4747 2569 4799 enim
2596 4747 2875 4799 secundum
2902 4764 3109 4800 carnem
3152 4746 3402 4810 vixeritis,
3438 4763 3550 4800 mo-

1976 4836 2200 4891 riemini.
2251 4836 2387 4903 Quid
2436 4845 2613 4890 autem
2660 4838 2730 4891 sit
2764 4838 3054 4891 secundum
3102 4852 3318 4891 carnem
3367 4838 3549 4891 vivere

1975 4944 2116 4998 scepe
2145 4928 2255 4996 jam
2288 4929 2489 4982 dictum
2515 4938 2616 4993 est,
2646 4928 2746 4982 hoc
2769 4938 2851 4983 est
2874 4922 3054 4982 carnis
3072 4928 3350 4981 desideriis
3378 4927 3551 4981 indul-

1975 5037 2139 5091 gere;
2170 5022 2223 5075 in
2248 5020 2350 5075 hoc
2378 5036 2504 5091 ergo
2539 5028 2699 5088 negat
2727 5036 2823 5073 nos
2855 5035 2973 5073 esse
3004 5019 3297 5081 debitores,
3330 5019 3469 5072 sicut
3496 5026 3552 5074 et

1976 5111 2100 5167 alibi
2133 5112 2261 5166 dicit
2289 5131 2300 5165 :
2335 5110 2402 5164 Et
2431 5111 2603 5164 carnis
2632 5127 2809 5164 curam
2850 5127 2912 5163 ne
2958 5108 3181 5177 feceritis
3208 5109 3260 5160 in
3306 5109 3549 5179 concupi-

1975 5202 2183 5256 scent.is
2207 5200 2378 5273 (Rom.
2405 5203 2546 5271 XIII),
2576 5216 2680 5254 non
2711 5200 2894 5268 utique
2918 5202 3120 5267 negans
3146 5214 3327 5253 curam
3373 5199 3550 5252 carnis

1976 5293 2273 5348 habendam
2304 5293 2355 5346 in
2403 5291 2742 5355 necessariis,
2770 5291 2862 5344 sed
2887 5291 2937 5344 in
2966 5290 3446 5359 concupiscentiis;
3478 5290 3549 5343 ita

1977 5401 2104 5454 ergo
2133 5384 2287 5439 etbic
2312 5403 2325 5436 :
2363 5383 2423 5437 Si
2452 5384 2610 5444 enim,
2638 5381 2829 5451 inquit,
2869 5382 3150 5435 secundum
3180 5397 3386 5435 carnem
3415 5379 3551 5433 vixe-

1978 5477 2111 5540 ritis,
2160 5474 2466 5528 moriemini.
2507 5472 2686 5544 (Aug)
2714 5472 2828 5527 Jarn
2856 5488 3017 5542 supra
3045 5472 3250 5526 dixerat
3276 5469 3552 5541 prudentia

1974 5569 2146 5623 carnis
2176 5583 2314 5619 mors
2343 5576 2437 5629 est,
2472 5582 2576 5620 non
2608 5572 2733 5635 quia
2784 5581 2909 5620 caro
2931 5565 3070 5618 mala
3100 5568 3200 5627 est,
3234 5560 3326 5616 sed
3367 5574 3551 5614 secun-

1975 5658 2099 5714 dum
2126 5672 2341 5713 carnem
2363 5657 2545 5712 vivere
2574 5657 2774 5711 malum
2806 5665 2907 5711 est.
2940 5653 3137 5729 (Amb.)
3175 5651 3315 5706 Nihil
3343 5650 3546 5716 verius,

1975 5765 2135 5821 quam
2158 5750 2201 5805 sl
2223 5748 2514 5805 secundum
2534 5749 2702 5802 Adam
2729 5742 3020 5803 vixerimus
3038 5745 3357 5807 moriemur;
3380 5740 3551 5796 Adam

1977 5836 2121 5900 enim
2152 5841 2516 5912 pmvaﬁcans
2541 5838 2780 5897 vendidit
2815 5855 2873 5896 se
2918 5845 3162 5910 peccato,
3204 5833 3354 5892 carui
3378 5830 3549 5919 ‘depuf
