4000 6398
199 375 378 431 1449
412 406 415 413 ι
765 369 1313 439 ΕΝΑΚΒΑΤΙΟΝΠΜ
1347 370 1418 431 IN
1446 370 1606 428 ⁸ΕΡεΡ.
1630 368 1839 429 'PAIJLJ

1940 371 2015 427 [Β.
2053 371 2142 429 ιν.
2182 386 2255 413 -
2284 371 2361 427 ΙΝ
2388 371 2611 428 EPIST.’
2772 370 2943 427 HOM.
3357 371 3501 425 145οἐ
3536 378 3543 401 ³

194 492 485 550 ornnibus
528 487 891 567 vocabuliuac
942 488 1384 548 sanctiﬁcationis
1418 501 1544 542 sua)
1578 486 1813 558 gratiam
1839 488 1890 549 Α
1914 484 2255 549 mandatum;
2295 485 2544 542 Nam‘lex
2574 496 2757 540 uncta
2785 493 2904 551 est,
2942 493 2992 541 et
3023 484 3329 539 mandatum
3356 502 3491 540 δαίμ
3546 491 3553 529 ἰ

200 586 421 641 donat.
455 582 608 652 Quod
642 590 822 647 autem
852 581 1034 650 plures
1074 580 1183 639 sint
1223 572 1464 648 spiritus,
1507 575 1747 635 declarat
1769 580 1829 637 et
1926 583 2065 630 ctum
2097 586 2144 629 et
2171 576 2379 646 justum
2419 586 2468 631 et
2499 574 2689 630 bonum
2720 586 2756 629 εν
2778 575 2865 630 ille
2904 584 3085 629 autem
3113 576 3341 644 spiritus
3377 592 3521 632 serv:
3550 598 3561 621 ι

202 675 381 735 idem
399 672 601 729 Paulus
636 673 703 728 ad
727 671 984 741 liebrzeos
1012 672 1278 735 scribens,
1307 677 1362 731 et
1385 668 1606 727 dicens:
1632 665 1825 729 Nonne
1864 700 1869 703 »
1924 665 2115 722 vitulis
2148 683 2255 722 non
2283 668 2469 735 utique
2495 666 2701 731 bonus,
2735 681 2895 736 quem
2938 665 3213 736 accipiunt
3234 668 3329 736 qui
3354 681 3493 738 pras-
3520 686 3560 713 ιρι

204 781 413 820 omnes
441 773 561 820 sunt
596 761 961 819 ministeriales
995 763 1209 833 spiritus
1240 760 1309 815 ad
1331 758 1673 814 ministerium
1702 757 1824 811 mis-
1862 796 1867 805 .
1926 767 2081 829 cepta
2109 759 2247 815 data:
2272 759 2406 828 legis
2431 760 2656 830 implere
2679 774 2789 814 non
2816 768 3076 830 possunt,
3106 759 3232 814 dum
3258 761 3506 819 serviant
3552 782 3559 799 -

204 855 283 929 εἰ⁷
302 864 521 925 propter
544 869 631 908 eos
658 853 748 924 qui
771 843 1126 909 haerediiatem
1147 853 1359 929 capiunt
1379 847 1565 904 salutis
1586 849 1612 902 ἲ
1634 846 1822 917 (Hebr.
1864 892 1869 903 .
1926 850 2209 907 desideriis
2233 850 2572 915 carnalibus.
2590 852 2831 907 nondum
2856 851 3028 922 gratia
3051 850 3383 907 Liberatoris
3407 852 3525 908 εις-ι’
3556 878 3561 885 ο

206 944 291 1018 ι).
321 944 435 1023 sed
462 952 518 1000 et
546 943 719 1003 David
751 943 917 999 dicit:
945 942 1049 1009 Qui
1077 942 1205 1012 facit
1231 940 1441 1012 angelos
1464 956 1586 997 suos
1611 940 1825 1010 spiritus
1864 972 1869 977 ι
1924 941 2123 1011 stunpti
2149 942 2206 995 in
2234 940 2468 999 ﬁliorum
2494 942 2836 1010 adoptiOnem
2862 959 2879 995 :
2905 942 3031 1012 quia
3061 948 3116 996 et
3143 942 3257 1012 ipse
3281 941 3501 1012 spiritus

211 1034 415 1102 (Psal.
440 1035 575 1107 cu);
607 1044 664 1090 et
702 1032 890 1090 Daniel
914 1033 1264 1089 nihilominus
1296 1039 1545 1098 testatur,
1577 1038 1634 1086 et
1650 1029 1822 1086 dicit:
1926 1031 2202 1089 servitutis
2242 1046 2349 1089 non
2388 1033 2553 1089 habet
2598 1047 2924 1102 quemquam
2965 1033 3019 1088 in
3047 1042 3347 1102 potestate,
3396 1034 3503 1090 nisi
3534 1070 3537 1079 -

211 1125 561 1191 Benedicite,
608 1125 824 1195 spiritus
880 1135 945 1183 et.
971 1124 1163 1177 animo:
1198 1123 1491 1193 justorum,
1539 1121 1825 1177 Dominum
1926 1122 2017 1191 qui
2032 1123 2082 1179 ei
2102 1138 2199 1195 per
2214 1123 2462 1179 ordinem
2476 1123 2673 1180 divina:
2691 1123 3045 1193 providentiae
3064 1124 3293 1179 traditus
3313 1123 3499 1189 fuerit,

216 1218 404 1290 (Dan.
423 1216 505 1286 ut)
529 1233 545 1283 ;
575 1224 631 1272 et
657 1218 714 1271 in
735 1216 988 1287 praesenti
1017 1215 1133 1271 loco
1158 1215 1355 1271 Paulus
1384 1231 1398 1266 :
1424 1214 1542 1286 Ipse
1573 1212 1837 1283 Spiritus,

217 1311 436 1380 inquit,
473 1309 821 1364 testimonium
852 1307 1020 1375 reddit
1045 1307 1250 1378 spiritui
1273 1305 1647 1378 nostro(Rom.
1669 1303 1823 1377 Vin);

216 1410 290 1457 et
314 1401 377 1456 in
414 1400 573 1456 aliis:
616 1397 684 1453 Ut
719 1401 917 1477 integer
957 1399 1170 1470 spiritus
1214 1408 1410 1462 vester,
1439 1410 1487 1450 et
1515 1396 1729 1459 anima,
1778 1404 1828 1448 et

219 1507 430 1561 corpus
474 1491 531 1546 in
577 1490 661 1545 die
710 1490 917 1545 Domini
966 1489 1135 1545 nostri
1183 1487 1311 1544 Iesu
1361 1487 1552 1543 Christi
1599 1494 1829 1540 servetur

223 1583 299 1656 (1
332 1582 515 1638 Thess.
546 1581 635 1654 v).
674 1581 803 1649 Quae
831 1580 1013 1638 omnia
1044 1579 1264 1636 dubium
1310 1594 1419 1635 non
1461 1586 1548 1633 est
1593 1576 1722 1646 quin
1762 1576 1828 1630 de

236 1672 669 1730 rationabilibus
695 1672 972 1743 spiritibus
990 1669 1133 1729 dicta
1159 1672 1287 1726 sint.
1314 1668 1663 1739 Appellantur
1688 1680 1829 1736 prae—

226 1770 397 1818 terea
425 1763 648 1833 spiritus
698 1762 827 1831 mali
871 1770 927 1817 et
954 1761 1127 1832 angeli
1180 1748 1326 1826 mali,
1378 1760 1519 1814 sicut
1563 1767 1619 1839 et
1658 1755 1830 1813 David

1927 1213 2024 1269 Dei
2055 1213 2267 1282 iustitia
2296 1230 2394 1270 sua
2420 1215 2617 1284 cuique
2659 1215 2953 1271 tribuente.
2983 1214 3153 1280 Quam
3183 1225 3503 1285 potestatem

1928 1314 2209 1376 acceperat
2236 1306 2543 1377 Apostolus,
2572 1321 2696 1361 cum
2720 1307 2853 1362 dicit
2880 1308 2946 1361 de
2968 1308 3289 1376 quibusdam
3314 1327 3343 1362 εν
3360 1309 3503 1374 Quos
3556 1348 3561 1353 η

1929 1398 2127 1452 tradidi
2146 1397 2381 1463 Satanat,
2402 1407 2461 1452 ut
2485 1399 2689 1453 discant
2714 1415 2819 1453 non
2832 1397 3197 1468 tblasphemare
3214 1399 3262 1470 (I
3289 1398 3421 1453 Tim.
3440 1397 3503 1468 1);

1930 1499 1986 1546 et
2014 1491 2209 1546 iterum
2240 1491 2307 1549 de
2334 1492 2440 1547 alio
2465 1510 2478 1546 :
2507 1493 2635 1547 Jam
2654 1493 2917 1562 judicavi,
2949 1493 3143 1563 inquit,
3173 1495 3385 1548 tradere
3409 1496 3515 1548 hu;

1923 1580 2161 1652 jusmodi
2192 1570 2405 1638 Satanae
2434 1583 2489 1635 in
2515 1583 2782 1637 interitum
2809 1585 2983 1638 carnis
3002 1624 3018 1649 ,
3060 1592 3119 1636 ut
3158 1584 3336 1638 anima
3361 1581 3510 1636 salva

1929 1674 1995 1728 sit
2025 1673 2071 1744 (Ι
2104 1670 2231 1728 Cor.
2256 1672 2333 1746 v).
2361 1674 2465 1740 Qui
2490 1689 2623 1744 ergo
2648 1676 3015 1730 nondumvsub
3039 1676 3212 1746 gratia
3244 1684 3390 1737 sunt,
3412 1676 3505 1731 sed
3562 1708 3567 1715 ο

1934 1767 2033 1820 sub
2072 1765 2187 1836 lege
2227 1766 2510 1821 constituti
2551 1766 2841 1822 vincuntur
2872 1768 3111 1836 peccatis
3148 1766 3212 1820 ad
3251 1766 3506 1822 obedicn—
3560 1814 3563 1817 λ

226 1852 416 1908 dicit:
446 1852 637 1906 Emisit
660 1851 734 1907 eis
761 1852 895 1905 iram
922 1850 1298 1922 indignationis
1337 1865 1471 1915 sure,
1499 1846 1826 1904 emissionem

1940 1855 2062 1912 dum
2095 1856 2380 1915 desideriis
2413 1857 2743 1921 carnalibus,
2769 1866 2824 1912 et
2845 1857 3287 1927 praevaricatione
3312 1867 3511 1927 augent

227 1962 335 2016 per
364 1944 576 2016 angelos
605 1944 771 2001 malos
802 1941 976 2016 (Psal.
1001 1942 1208 2014 uxvu)
1232 1960 1249 2009 ;
1276 1951 1332 1999 et
1355 1950 1414 1996 ut
1441 1942 1496 1996 in
1526 1940 1832 2010 Regnorum

152 2045 157 2049 '
232 2034 400 2091 libris
426 2036 685 2105 scriptum
720 2043 803 2090 est
831 2036 896 2091 de
925 2033 1052 2104 Saul
1077 2050 1092 2088 :
1124 2033 1192 2088 Et
1221 2031 1449 2104 Spiritus
1480 2032 1695 2087 Domini
1720 2030 1832 2085 dis-

234 2129 400 2183 cessit
428 2145 460 2181 a
493 2126 651 2193 Saul,
696 2139 743 2182 et
772 2128 1063 2198 suffocabat
1111 2144 1229 2181 eum
1260 2127 1473 2197 spiritus
1510 2123 1778 2195 malignus
1801 2139 1835 2176 a

234 2216 471 2273 Domino
511 2219 571 2292 (1
612 2217 742 2290 Reg.
775 2225 935 2289 xvi);
987 2226 1152 2289 utque
1190 2219 1247 2273 in
1281 2218 1420 2273 libro
1461 2216 1708 2273 Iudicum
1751 2231 1837 2271 re-

234 2309 457 2364 fertur:
496 2310 559 2365 Et
600 2312 815 2364 immisit
859 2310 998 2365 Deus
1050 2310 1291 2380 spiritum
1335 2308 1658 2379 malignum,
1701 2308 1838 2362 inter

237 2403 480 2458 medium
525 2402 819 2459 Abimeleclt
864 2412 911 2457 et
953 2404 1086 2457 inter
1131 2402 1359 2459 medium
1399 2403 1629 2457 virorum
1666 2398 1839 2454 Sic/ti-

240 2512 459 2550 morum
490 2495 689 2566 (Judic.
712 2495 812 2568 ιι).
861 2495 961 2550 llic
998 2511 1127 2567 ergo
1155 2496 1379 2566 spiritus
1416 2494 1710 2565 malignus,
1745 2491 1837 2562 qui

241 2585 450 2640 dicitur
487 2585 575 2640 vel
618 2586 796 2651 exisse
825 2593 885 2640 ut
929 2583 1219 2641 snl'l‘ocaret
1253 2585 1405 2651 Saul,
1454 2585 1539 2640 vel
1567 2583 1839 2639 Abimele-

240 2676 411 2757 citem
451 2675 829 2747 Sichimosque
861 2684 921 2730 ut
944 2675 1245 2743 dirimeret,
1264 2685 1321 2731 et
1348 2690 1379 2729 a
1406 2675 1632 2731 Domino
1662 2675 1839 2731 exisse

243 2785 321 2837 ac
348 2769 545 2825 missus
580 2783 703 2825 esse
753 2778 1085 2824 memoratur
1130 2777 1387 2838 tanquam
1433 2765 1839 2836 carnifexqui-

245 2862 405 2925 dan),
436 2857 811 2930 intelligendus
853 2868 937 2914 est
984 2859 1180 2915 missus
1209 2860 1276 2916 ad
1301 2859 1591 2929 exigendas
1619 2859 1684 2914 de
1707 2872 1837 2928 pec-

242 2952 527 3008 catoribus
549 2966 757 3022 poenas.
782 2951 852 3007 Et
875 2952 1123 3021 quamvis
1162 2952 1292 3008 mali
1334 2960 1554 3023 propter
1592 2949 1839 3021 proposi-

247 3051 370 3098 tum
395 3058 551 3098 suum
580 3042 1011 3113 voluntatemque
1039 3044 1304 3107 dicantur,
1330 3043 1385 3097 in
1425 3042 1510 3097 bis
1539 3050 1720 3097 tamen
1746 3041 1839 3110 qui

242 3146 415 3206 pinna
437 3133 583 3204 digni
611 3143 736 3189 sunt
763 3134 956 3189 divinae
983 3134 1245 3190 voluntati
1288 3133 1544 3188 exhibent
1592 3132 1837 3187 ministe-

1930 1957 2144 2004 reatum
2171 1949 2461 2003 criminum
2490 1964 2733 2013 suorum,
2765 1948 3013 2017 spiritum
3049 1957 3374 2018 acceperunt
3399 1963 3513 2003 ser-
3562 1976 3571 1993 =

1932 2039 2140 2103 vitulis,
2170 2038 2339 2104 idest,
2357 2039 2605 2109 spiritum
2633 2037 2751 2107 ejus
2764 2041 3193 2108 quipolestatem
3210 2040 3399 2094 mortis
3416 2040 3512 2095 ha-
3542 2074 3567 2107 ι,

1933 2133 2046 2189 bet.
2069 2130 2204 2187 Nam
2227 2132 2273 2186 si
2295 2131 2540 2201 spiritum
2565 2132 2842 2187 servitutis
2863 2131 3039 2201 ipsmn
3064 2132 3314 2200 spiritum
3343 2131 3514 2185 homi-

1934 2223 2020 2278 nis
2050 2222 2495 2290 intellexerimus,
2518 2221 2707 2292 incipit
2735 2230 2790 2275 et
2815 2221 3041 2290 spiritus
3066 2222 3375 2290 adeptionis
3400 2222 3516 2290 ipse
3562 2260 3567 2267 ς

1936 2306 2196 2386 intelligi,
2224 2322 2478 2383 tanquam
2512 2315 2567 2369 in
2604 2313 2798 2369 melius
2834 2320 3218 2367 commutatus.
3258 2310 3366 2369 Sed
3388 2312 3513 2380 quia

1937 2396 2530 2477 spiritumadOptionis
2572 2405 2834 2475 Spiritum
2887 2414 3135 2465 sanctum
3176 2405 3508 2474 accepimus.

1937 2516 2098 2570 quem
2114 2499 2398 2557 manifeste
2412 2500 2669 2566 ostendit,
2687 2515 2809 2555 cum
2822 2498 2955 2555 dicit
2977 2515 2989 2552 :
3011 2496 3041 2552 Ι
3042 2513 3132 2567 pse
3160 2496 3389 2565 Spiritus
3415 2504 3517 2555 tes-

1939 2591 2210 2647 timonium
2226 2590 2393 2644 reddit
2407 2589 2614 2660 spiritui
2631 2596 3019 2655 nostro,restat
3042 2596 3102 2641 ut
3128 2586 3374 2655 spiritum
3403 2599 3515 2639 ser-
3568 2634 3571 2645 ,

1940 2683 2129 2738 vitutis
2153 2682 2303 2737 illum
2328 2681 2691 2752 intelligamus
2715 2680 2801 2737 cui
2835 2680 3520 2748 serviuntpeccatores;ut
3566 2732 3571 2737 ,

1938 2773 2389 2844 quemadmodum
2419 2771 2654 2842 Spiritus
2676 2778 2896 2827 sanctus
2923 2770 3168 2825 timorem
3196 2767 3388 2822 mortis
3409 2766 3498 2821 vin

1940 2865 2121 2930 cit,sic
2135 2865 2358 2936 spiritus
2370 2863 2777 2934 servitutis,;qui
2791 2870 3110 2932 potestatem
3127 2861 3291 2915 habet
3307 2858 3518 2923 mortis,

1941 2958 2187 3027 ejusdem
2217 2958 2414 3013 mortis
2445 2966 2650 3012 terrore
2680 2971 2803 3011 reos
2834 2963 3043 3017 teneat,
3090 2961 3152 3007 ιιι
3188 2967 3246 3007 se
3275 2950 3341 3006 ad
3362 2950 3519 3005 Libe-

1943 3049 2140 3103 ratoris
2195 3046 2451 3103 auxilium
2504 3048 2735 3119 quisque
2788 3054 3106 3110 convertat,
3171 3044 3335 3099 etiam
3399 3044 3517 3111 ipso

1943 3136 2155 3193 diabolo
2185 3139 2375 3203 invito,
2402 3139 2494 3209 qui
2525 3152 2648 3192 eum
2676 3151 2892 3205 semper
2921 3136 2974 3191 in
3014 3142 3287 3204 potestate
3315 3132 3518 3186 habere

246 3225 414 3280 rium.
445 3222 598 3280 Sicut
619 3231 674 3280 et
695 3223 805 3291 ille,
835 3225 901 3280 de
922 3240 1029 3294 quo
1068 3222 1235 3279 refert
1264 3223 1514 3279 Michaeas
1550 3222 1834 3292 propheta,

1942 3233 2232 3287 desiderat.
2260 3231 2386 3287 Non
2407 3231 2563 3295 enim,
2584 3230 2681 3295 ait,
2701 3228 2971 3299 accepistis
2996 3227 3238 3297 spiritum
3261 3223 3521 3279 servitutis

254 3317 487 3389 spiritus
518 3318 751 3372 mendax
792 3318 905 3387 qui,
959 3332 1083 3371 cum
1113 3331 1144 3369 a
1192 3316 1304 3370 Deo
1350 3316 1551 3369 dictum
1603 3313 1836 3370 fuisset:

252 3408 389 3477 Quis
417 3408 622 3461 seducet
657 3409 783 3460 mihi
808 3406 1023 3460 Achab?
1050 3406 1347 3475 Respondit
1381 3423 1393 3457 :
1433 3405 1546 3475 Ego
1574 3405 1840 3458 seducam.

255 3494 328 3550 Et
386 3497 517 3550 dixit
565 3497 819 3550 Dominus
862 3512 880 3550 :
918 3495 987 3549 In
1036 3496 1179 3567 quo?
1216 3496 1303 3549 Ait
1348 3495 1435 3548 ille
1475 3510 1492 3549 :
1532 3494 1636 3548 Ero
1684 3496 1841 3565 spiri-

257 3597 344 3641 tus
396 3586 618 3640 mendax
656 3586 711 3640 in
750 3602 838 3639 ore
888 3585 1117 3640 omnium
1166 3585 1535 3654 prophetarum
1592 3584 1741 3652 ejus,
1791 3592 1846 3637 et

257 3679 435 3751 dicam
469 3687 529 3732 ut
552 3678 808 3734 ascendat
838 3676 893 3730 in
942 3676 1163 3743 Galaad,
1202 3685 1257 3733 et
1298 3675 1372 3730 ibi
1404 3676 1581 3730 cadet.
1610 3674 1680 3727 Et
1711 3674 1845 3728 dixit

265 3771 515 3825 Dominus
532 3785 551 3822 :
572 3769 753 3834 Vade;
781 3768 1015 3833 seduces,
1041 3777 1088 3822 et
1117 3766 1326 3838 quidem
1350 3767 1538 3837 poteris
1567 3764 1685 3837 (III
1714 3764 1842 3835 Reg.

263 3870 418 3943 xxu).
451 3869 542 3926 Sic
575 3884 703 3942 ergo
737 3870 902 3925 etiam
941 3868 1017 3934 hi,
1058 3868 1430 3937 qui;dicuntur
1454 3866 1579 3921 mali
1603 3866 1842 3937 spiritus,

263 3960 494 4016 cilicium
546 3960 656 4015 Deo
703 3974 833 4031 erga
882 3970 1169 4028 pmnarum
1213 3957 1471 4012 exhibent
1523 3955 1843 4011 ministeria.

269 4053 407 4109 Sunt
431 4061 697 4126 praeterea
723 4061 778 4108 et
800 4052 889 4107 alii
911 4051 1154 4123 spiritus,
1171 4050 1238 4105 de
1258 4049 1454 4118 quibus
1478 4047 1610 4103 dicit
1637 4047 1843 4102 David:

268 4144 295 4199 1
302 4161 335 4198 n
346 4144 535 4215 spiritu
559 4142 780 4198 violento
802 4150 1029 4196 conteres
1047 4156 1198 4195 naves
1217 4137 1431 4193 Tharsis
1452 4135 1626 4208 (Psal.
1645 4133 1842 4208 xnvu);

264 4245 320 4291 ct
361 4235 573 4304 spiritus
598 4230 840 4305 procella:
882 4232 1164 4296 dicuntur,
1211 4240 1265 4286 et
1318 4229 1531 4300 spiritus
1576 4229 1783 4283 ardoris
1826 4242 1845 4279 :

268 4340 398 4394 quos
431 4334 606 4381 tamen
633 4338 735 4394 ego
764 4322 1073 4378 materiales
1113 4321 1283 4392 magis
1308 4335 1470 4390 quam
1499 4317 1848 4375 rationabiles

271 4406 487 4487 spiritus
510 4417 716 4471 dixero.
736 4413 851 4469 Tali
872 4414 1036 4485 igitur
1048 4411 1116 4467 de
1130 4411 1486 4481 appellatione
1499 4408 1721 4481 spiritus
1745 4411 1849 4466 dis-

271 4504 525 4558 tinctione
550 4504 853 4572 praemissa,
881 4517 1024 4557 nunc
1062 4509 1259 4556 caetera
1286 4517 1694 4572 persequamur.
1712 4502 1847 4557 Cum

272 4603 442 4649 autem
464 4595 543 4647 ait
564 4611 577 4646 :
1236 4607 1239 4611 ‘

342 4685 465 4739 Non
491 4685 630 4738 enim
677 4683 945 4754 accepistis
984 4682 1227 4754 spiritum
1278 4681 1539 4736 servitutis
1580 4682 1767 4737 iterum
1789 4684 1847 4738 in

274 4778 490 4832 timore:
528 4776 617 4831 sed
641 4776 910 4846 accepistis
934 4775 1174 4846 spiritum
1201 4774 1494 4844 adoptionis
1532 4773 1763 4845 ﬁliorum
1791 4777 1845 4830 in

273 4886 367 4939 quo
417 4869 730 4933 clamamus,
778 4866 922 4920 Abba
984 4860 1165 4920 Pater.
1218 4866 1402 4937 (Aug.)
1428 4864 1845 4922 Evidentissime

274 4960 493 5013 duorum
544 4958 1015 5013 Testamentorum
1070 4956 1323 5012 distincta
1382 4966 1506 5012 sunt
1564 4970 1841 5027 tempora:

274 5050 396 5104 illud
424 5051 567 5105 enim
598 5050 663 5105 ad
695 5050 939 5105 timorem
992 5051 1255 5119 pertinet;
1306 5066 1503 5105 novum
1548 5061 1725 5105 autem
1773 5050 1841 5104 ad

276 5143 604 5198 charitatem.
634 5138 740 5197 Sed
769 5141 1031 5212 quaeritur
1056 5141 1176 5211 quis
1202 5143 1273 5197 sit
1292 5142 1513 5213 spiritus
1536 5140 1845 5197 servitutis?

277 5232 399 5285 Nam
447 5234 668 5304 spiritus
720 5232 1022 5303 adoptionis
1082 5214 1310 5286 ﬁliorum
1361 5231 1544 5300 utique
1610 5231 1843 5301 Spiritus

279 5333 490 5378 sanctus
519 5333 618 5379 est.
665 5324 899 5395 Spiritus
935 5339 1064 5395 ergo
1091 5323 1366 5393 servitutis
1410 5323 1463 5375 in
1513 5322 1726 5387 timore,
1756 5321 1843 5377 ille

278 5426 354 5470 est
386 5415 476 5484 qui
503 5425 821 5485 potestatem
850 5417 1014 5472 habet
1046 5418 1254 5479 mortis,
1287 5416 1408 5487 quia
1435 5415 1484 5468 in
1512 5416 1626 5484 ipso
1653 5416 1842 5470 timore

278 5494 365 5575 per
391 5515 554 5561 totam
582 5507 748 5560 vitam
803 5509 880 5562 rei
921 5519 1074 5563 erant
1113 5507 1385 5564 servitutis
1436 5506 1523 5576 qui
1576 5507 1674 5561 sub
1726 5508 1842 5576 lege

280 5597 530 5671 agebant,
577 5611 685 5650 non
721 5596 818 5651 sub
864 5599 1055 5667 gratia.
1096 5594 1206 5653 Nec
1249 5597 1553 5650 mirandum
1583 5605 1667 5650 est
1701 5594 1844 5664 quod

279 5698 390 5769 eum
420 5694 745 5757 acceperunt
770 5698 875 5769 per
893 5682 1128 5745 divinam
1160 5687 1549 5761 providentiam
1575 5686 1665 5756 qui
1706 5686 1845 5741 bona

280 5764 581 5855 temporalia
633 5764 1005 5843 sectabantur,
1045 5796 1171 5851 rion,
1198 5778 1323 5850 quia
1365 5780 1533 5851 ipsius
1570 5786 1655 5834 est
1679 5777 1765 5833 lex
1791 5783 1848 5832 et

583 5871 858 5933 PATROL.
884 5866 887 5871 ⁴
915 5870 1079 5935 CXI.
1160 5878 1165 5885 ’

1941 3324 2126 3377 iterum
2152 3324 2203 3376 in
2230 3323 2432 3375 timore.
2464 3321 2601 3387 Quid
2628 3328 2710 3374 est
2736 3319 2963 3374 iterum?
2989 3317 3258 3387 quomodo
3285 3323 3521 3370 terrente

1942 3415 2329 3470 molestiSsimo
2361 3413 2670 3483 ptcdagogo.
2711 3412 2850 3479 Quid
2885 3421 2969 3466 cst
3006 3409 3240 3465 iterum?
3288 3409 3429 3464 sicut
3463 3406 3521 3461 in

1944 3513 2128 3557 monte
2158 3503 2291 3557 Sina
2320 3502 2607 3571 accepistis
2645 3500 2894 3569 spiritum
2922 3498 3221 3553 servitutis.
3255 3497 3408 3552 Dicet
3426 3496 3511 3550 ali-

1944 3595 2067 3665 quis
2100 3607 2114 3647 :
2144 3592 2297 3647 Alius
2326 3602 2411 3646 est
2445 3591 2663 3660 spiritus
2701 3590 2997 3653 servitutis,
3030 3589 3166 3642 alius
3201 3587 3423 3656 spiritus
3450 3585 3519 3638 li-

1945 3686 2193 3741 bertatis.
2214 3685 2272 3740 Si
2293 3684 2430 3739 alius
2453 3666 2617 3747 esset,
2635 3697 2741 3737 non
2761 3682 2964 3737 diceret
2984 3679 3272 3750 Apostolus
3296 3678 3481 3730 iterum
3500 3692 3519 3741 ;

1946 3778 2087 3833 idem
2118 3791 2245 3847 ergo
2274 3774 2525 3845 spiritus,
2562 3772 2654 3829 sed
2693 3774 2745 3827 in
2789 3771 2984 3826 tabuiis
3025 3769 3248 3840 lapideis
3280 3769 3332 3822 in
3360 3769 3524 3822 timo-

1948 3884 2093 3934 rem;
2124 3870 2178 3924 in
2209 3866 2404 3921 tabulis
2429 3866 2608 3922 cordis
2637 3864 2689 3919 in
2712 3862 3082 3920 dilectionem.
3124 3860 3365 3915 Audistis
3390 3875 3525 3929 quo-

1947 3959 2107 4013 modo
2133 3960 2290 4028 longe
2324 3957 2553 4027 positam
2589 3954 2799 4026 plebem
2830 3968 3011 4016 voces,
3042 3952 3206 4021 ignis,
3237 3949 3433 4015 fumus,
3467 3950 3524 4004 in

1947 4059 2131 4105 monte
2169 4049 2481 4112 terrebant;
2519 4043 2789 4117 quomodo
2818 4052 2995 4099 autem
3026 4042 3248 4097 veniens
3287 4039 3522 4110 Spiritus

1949 4147 2167 4196 sanctus
2196 4137 2368 4208 igneis
2400 4135 2595 4207 linguis
2623 4150 2786 4204 super
2813 4145 3252 4201 unumquemque
3280 4129 3521 4201 discipu-

1947 4229 2123 4285 lorum
2152 4226 2422 4283 inciderit.
2477 4224 2589 4282 lam
2626 4239 2755 4296 ergo
2791 4239 2899 4278 non
2946 4222 2999 4275 in
3042 4223 3272 4284 timore,
3326 4219 3420 4274 sed
3468 4219 3525 4274 in

1949 4324 2266 4389 dilectione,
2309 4330 2367 4377 ut
2400 4336 2507 4377 non
2538 4320 2711 4386 servi,
2756 4318 2852 4374 sed
2883 4316 2979 4371 lilii
3008 4316 3198 4372 simus.
3246 4312 3348 4380 Qui
3376 4314 3524 4371 enim

1949 4422 2126 4475 adhuc
2160 4420 2280 4475 ideo
2308 4418 2445 4474 bene
2474 4416 2551 4471 ait
2576 4456 2591 4482 ,
2634 4414 2759 4484 quia
2785 4427 3004 4485 ptenam
3035 4412 3190 4467 timet
3211 4450 3227 4478 ,
3270 4419 3325 4465 et
3355 4410 3523 4465 Deum

1949 4527 2057 4566 non
2093 4517 2278 4575 amat,
2318 4508 2556 4564 nondum
2599 4515 2684 4562 est
2725 4507 2868 4560 inter
2896 4504 3058 4570 ﬁlios,
3099 4505 3307 4557 utinam
3346 4510 3521 4556 tamen

1866 4586 2032 4658 Dvel
2060 4617 2278 4673 poenam
2304 4602 2508 4655 timeat.
2535 4599 2722 4653 Timor
2750 4612 2936 4652 servus
2963 4603 3068 4660 est,
3092 4594 3327 4648 charitas
3355 4591 3524 4646 libera

1949 4705 2050 4750 est.
2094 4692 2202 4748 Fac
2230 4691 2317 4746 vel
2353 4692 2547 4744 timore
2570 4704 2771 4759 paenae,
2805 4687 2852 4742 si
2882 4688 3120 4743 nondum
3149 4691 3301 4753 potes
3340 4697 3524 4736 amore

1944 4785 2186 4856 iustitiae.
2244 4782 2436 4839 Veniet
2474 4781 2688 4835 domina
2725 4788 2786 4833 et.
2816 4792 3007 4833 servus
3053 4775 3343 4838 abscedet,
3396 4772 3521 4849 quia

1947 4883 2306 4931 consummata
2329 4873 2557 4926 Charitas
2579 4871 2723 4939 foras
2746 4870 2898 4922 mittit
2921 4869 3158 4922 timorem
3175 4863 3226 4933 (1
3247 4862 3519 4933 Joun.1v).

1950 4964 2162 5039 [Greg.]
2195 4964 2411 5019 Poudus
2449 4963 2629 5031 itaque
2654 4959 2957 5014 formidinis
2993 4971 3146 5012 mens
3183 4953 3341 5009 electi
3376 4962 3524 5031 post-

1948 5065 2148 5129 ponat,
2188 5057 2242 5110 iu
2271 5056 2469 5109 virtute
2504 5067 2561 5107 se
2596 5051 2796 5107 amoris
2826 5056 3111 5111 exerceat,
3153 5044 3524 5101 renovationis

1947 5162 2058 5202 sua:
2088 5146 2404 5216 dignitatem
2435 5143 2733 5206 desideret,
2775 5148 2833 5209 et
2860 5138 2925 5192 ad
2955 5136 3251 5192 conditoris
3288 5135 3370 5189 sui
3402 5150 3522 5206 spc-

1948 5239 2084 5293 ciem
2102 5212 2320 5291 anhelet
2348 5253 2358 5286 :
2387 5223 2546 5304 quem
2575 5244 2854 5307 quousque
2888 5227 3197 5294 conspicere
3228 5239 3334 5279 non
3356 5225 3519 5290 valet,

1946 5329 2305 5384 :rteruitatem
2332 5327 2447 5397 ejus
2474 5339 2693 5379 necesse
2721 5332 2821 5385 est,
2853 5322 2904 5375 id
2936 5329 3038 5384 est,
3069 5318 3313 5373 intimum
3341 5319 3519 5374 cibum

1946 5435 2103 5474 suum
2134 5419 2377 5473 esuriens
2405 5424 2702 5491 exspectet.
2751 5411 2947 5485 (θήῃς)
2977 5411 3247 5478 Scriptum
3276 5420 3359 5464 est
3384 5420 3438 5465 et
3466 5410 3519 5462 in

1950 5508 2211 5562 Malachia
2261 5508 2560 5576 propheta:
2602 5502 2772 5558 Filius
2823 5502 3135 5572 honori/ient
3184 5512 3423 5572 patrem,
3471 5505 3521 5549 et

1949 5614 2122 5652 servus
2150 5596 2417 5649 dominum
2447 5610 2599 5663 suum
2625 5608 2643 5644 :
2675 5602 2723 5646 et
2751 5592 2796 5645 si
2826 5588 2991 5643 Pater
3015 5607 3129 5661 sum
3158 5606 3269 5659 ego,
3290 5634 3297 5667 ζ
3318 5585 3404 5639 ubi
3444 5595 3521 5638 est
3570 5652 3573 5655 ἱ

1949 5686 2117 5740 honor
2144 5684 2335 5739 meus?
2368 5683 2436 5737 Et
2464 5684 2513 5736 si
2536 5682 2795 5759 Dominus
2832 5696 2947 5734 sum
2978 5696 3092 5749 ego,
3128 5676 3212 5730 ubi
3250 5686 3323 5757 est
3361 5674 3515 5743 timor

1951 5775 2144 5832 meus?
2171 5775 2293 5830 dicit
2322 5774 2577 5831 Dominus
2604 5775 2945 5845 omnipotens.
2996 5770 3213 5826 Certum
3253 5774 3337 5821 est
3373 5767 3519 5820 enim

2998 5861 3074 5920 ῖιϐ
