4000 6398
378 3863 384 3870 ,
477 3823 724 3890 ﬁcantes,
756 3831 814 3880 et
843 3823 1019 3898 factus
1047 3833 1132 3881 est
1169 3827 1224 3881 in
1259 3836 1422 3899 caput
1461 3829 1642 3900 anguli
1676 3828 1849 3902 (Psal.
1875 3847 2057 3900 cxvu;

505 416 640 476 list
1146 411 1209 469 B.
1249 408 1502 500 RADANI
1539 407 1762 470 MAURI
1793 406 2050 500 ᾼιιοιιιιιῑ

2156 402 2456 464 MOGUNT.
2493 401 2776 464 OPERUM
2809 399 2989 462 PARS
3019 399 3107 461 Ill.
3644 405 3810 459 1452⁵.

495 533 639 606 quod
681 532 826 590 ﬁlius
869 534 990 602 quis
1037 529 1135 588 Dei
1177 543 1276 606 per
1323 529 1632 602 adoptionis
1673 527 1922 600 spiritum
1965 527 2082 594 ﬁat,
2109 528 2160 588 Α
2187 539 2374 600 sumus
2411 523 2508 606 ﬁlii
2546 523 2680 590 Dei,
2729 532 3078 604 posteaquam
3125 521 3194 578 ab
3229 521 3431 599 spiritu
3481 519 3808 584 servitutis

495 603 688 694 servus
715 631 896 693 autem
939 622 1037 694 Dei
1079 637 1178 694 per
1211 603 1468 696 spiritum
1505 621 1798 680 servitutis.
1853 621 2070 692 Initium
2179 617 2234 674 in
2281 603 2585 696 adoptionis
2629 615 2879 687 spiritum
2923 603 3256 677 venerimus,
3301 625 3425 668 eum
3467 609 3598 703 jam
3647 610 3805 664 nihil

495 703 936 792 el‘go'serviendi
975 712 1126 792 Deo,
1173 711 1300 786 quia
1347 711 1556 792 iniiiuru
1603 711 1870 784 sapientia:
1917 710 2074 784 timor
2180 711 2318 768 inest
2340 711 2568 776 timoris,
2593 709 2644 764 id
2666 717 2768 774 est,
2791 706 2924 794 nihil
2946 713 3166 780 propter
3185 710 3386 785 metum
3403 703 3804 798 pmnar‘geri-

494 783 812 882 Do'mini’est
836 783 1014 882 (Psal.
1044 783 1143 872 ex;
1175 783 1320 858 Eccl.
1347 803 1414 879 ι),
1455 783 1554 874 per
1579 783 1826 876 spiritum
1864 783 2074 868 timoris
2177 818 2320 868 mus,
2347 803 2441 858 sed
2465 809 2688 875 propter
2715 785 2955 880 amorem
2996 798 3167 880 patris
3199 783 3796 877 cuncta‘perﬁciinus.

497 877 948 975 impletqj-"pyui
968 895 1224 968 parvulus
1251 877 1424 954 adhuc
1452 895 1574 966 quis
1599 895 1816 952 dicitur.
1844 895 1912 952 Et
1939 909 2068 968 par-
2173 893 2294 968 Ipse
2333 910 2454 964 ergo
2484 877 2732 975 Spiritus
2743 891 3096 978 testiinonium
3120 877 3286 944 reddit
3311 889 3524 966 spiritui
3563 903 3799 959 nostra,

494 966 636 1048 vulis
660 966 878 1070 quidem
907 966 1229 1070 paedagogus
1259 995 1342 1044 est
1373 987 1557 1054 timor.
1587 985 1742 1066 Unde
1766 994 1822 1041 et
1844 966 2072 1062 Aposto-
2173 966 2310 1055 quod
2355 966 2534 1069 sumus
2581 971 2678 1059 ﬁlii
2727 966 2847 1066 Dei.
2887 969 3100 1058 (Aug)
3143 977 3260 1062 l\"o.n
3303 979 3530 1050 spiritus
3587 989 3799 1063 noster

496 1084 583 1142 lus
624 1063 693 1154 de
727 1063 826 1152 tali
866 1063 1093 1156 parvulo
1123 1063 1256 1149 dicit
1285 1077 1428 1154 (Gal.
1458 1080 1575 1153 1v):
1611 1063 1862 1158 Quaudiu
1904 1079 2072 1146 ligvres
2175 1063 2544 1160 testiinpniunt
2587 1063 2764 1159 reddit
2801 1071 3010 1150 spiritui
3037 1079 3223 1127 nostro
3262 1071 3387 1144 quia
3416 1087 3629 1131 sumus
3687 1072 3795 1160 filii

492 1152 742 1248 parvulus
769 1152 884 1239 est,
922 1170 1054 1226 nihil
1083 1171 1260 1242 (ti/Iert
1295 1152 1326 1224 ά
1360 1152 1530 1247 servo,
1571 1185 1690 1225 cum
1727 1152 1793 1224 sit
1827 1167 2072 1223 dominus
2174 1152 2418 1248 Deiﬁed
2467 1152 2702 1248 Spiritus
2752 1165 2851 1232 Dei
2901 1183 2914 1219 :
2967 1167 3128 1242 arrha
3169 1166 3344 1222 reddit
3386 1155 3796 1242 testimonium

493 1267 727 1339 euntium
752 1279 771 1320 :
793 1263 883 1320 sed
904 1263 998 1320 sub
1022 1261 1278 1317 tutoribus
1300 1269 1374 1318 est
1397 1271 1442 1324 et
1465 1258 1890 1331 procuratoribus
1913 1272 2073 1339 usque
2172 1273 2274 1329 pro
2298 1272 2361 1323 ea
2391 1270 2450 1311 re
2475 1272 2594 1326 qua:
2631 1256 2787 1311 nobis
2820 1249 3106 1326 promissa.
3151 1253 3385 1338 βινῶν.)
3419 1251 3572 1339 Bene
3605 1273 3793 1338 agen-

493 1329 915 1428 ad'praiﬁnituru
946 1363 1146 1426 tempus
1175 1369 1207 1406 a
1235 1360 1383 1424 patre
1405 1367 1424 1406 :
1464 1329 1538 1430 ita
1565 1360 1614 1423 et
1641 1367 1760 1432 uos,
1789 1329 2072 1430 curn'esse-
2175 1346 2319 1426 tibus
2361 1345 2516 1417 nobis
2539 1385 2554 1410 ,
2602 1351 2656 1400 et
2695 1358 2792 1416 per
2837 1345 2940 1399 hoc
2979 1329 3162 1424 ipsum!
3199 1329 3452 1418 manente
3620 1329 3792 1403 nobis

487 1463 608 1502 mus
641 1443 870 1518 paruuli,
900 1443 996 1520 sub
1027 1442 1290 1515 elementis
1319 1428 1479 1514 hujus
1504 1428 1696 1520 muudi
1725 1428 1931 1496 eramus
1959 1455 2072 1496 ser-
2175 1434 2380 1514 Spiritu
2411 1435 2762 1521 sancto,huic
2783 1435 2901 1490 voci
2929 1445 2984 1492 et
3010 1436 3190 1512 animo
3215 1445 3408 1522 i‘iostro
3427 1428 3541 1507 quo
3565 1437 3794 1527 clama-

488 1516 717 1608 cientes.
756 1516 959 1606 Vides,
1017 1535 1314 1611 secundum
1370 1516 1683 1615 concessam
1733 1535 1834 1616 sibi
1883 1550 1912 1590 a
1961 1535 2073 1616 Deo
2173 1542 2295 1583 mus
2337 1527 2394 1582 in
2433 1536 2680 1602 oratione
2716 1517 2887 1612 Abba.
2936 1526 2990 1584 id
3025 1537 3112 1616 ρει
3153 1516 3331 1596 Ρίίιϐτ,
3383 1516 3642 1620 ξρὲτίμιξ

488 1629 846 1704 sapientiam,
875 1626 1076 1699 Paulus
1116 1607 1388 1698 quomodo
1429 1607 1652 1698 spiritus
1679 1613 1954 1681 servitutis
1979 1607 2074 1695 qui
2175 1619 2548 1696 testimonium
2591 1620 2722 1690 dat,
2766 1607 2892 1689 dum
2935 1609 3118 1709 manet
3155 1619 3210 1675 in
3254 1607 3452 1698 nobisj
3503 1607 3792 1709 quoniam

487 1722 688 1778 dantur
707 1719 762 1776 in
785 1719 982 1790 timore
1011 1717 1100 1777 hic
1121 1725 1328 1772 tutores
1355 1715 1701 1788 parvulorum
1733 1723 1788 1771 et
1815 1730 2072 1786 procura-
2172 1725 2281 1784 non
2308 1719 2512 1766 temere
2537 1710 2766 1796 dicimus
2781 1710 2948 1782 Abba,
2967 1707 3144 1787 Pater.
3166 1711 3392 1796 Dignam
3419 1707 3587 1784 enim
3608 1713 3793 1768 vitam

486 1817 635 1866 tores
687 1807 1076 1880 appellaverit,
1133 1806 1226 1876 qui
1279 1819 1722 1875 unumquemque
1772 1811 2021 1858 nostrum
2052 1843 2068 1872 ,
2171 1803 2300 1873 huic
2332 1804 2451 1888 voci
2478 1805 2864 1880 exhibeamus;
2893 1812 2948 1872 et
2983 1803 3087 1886 hoc
3109 1813 3192 1888 est
3220 1804 3600 1885 testiinonium
3640 1807 3794 1892 filio-

487 1902 660 1958 donec
686 1899 942 1972 parvulus
975 1905 1089 1966 est,
1122 1897 1417 1954 secundum
1451 1897 1764 1952 interiorem
1794 1894 2070 1952 hominem
2097 1891 2148 1953 Β
2177 1911 2316 1962 rum,
2362 1896 2408 1980 si
2451 1897 2505 1952 in
2550 1897 2630 1978 eis
2670 1911 2768 1967 per
2811 1896 3073 1980 Spiritum
3111 1896 3364 1952 videatur
3403 1897 3637 1973 signum
3668 1891 3795 1968 pa—

485 1991 540 2046 in
581 1991 777 2059 timore
807 1987 1109 2055 custodiat,
1148 2001 1428 2063 usquequo
1469 1987 1538 2042 ad
1577 1987 1630 2044 id
1678 1987 1854 2042 aetatis
1891 1987 2074 2042 veniat
2175 1985 2480 2042 ternum.Si
2501 1998 2670 2060 autem
2685 1987 2807 2058 filii,
2831 1987 3389 2065 ethwredethwredes
3410 1989 3634 2060 quidem
3661 1990 3790 2057 Dei,

486 2097 594 2154 quo
623 2082 870 2162 spiritum
902 2080 1206 2164 adoptionis
1237 2079 1469 2135 ﬁliorum
1501 2087 1776 2136 mereatur
1799 2079 2068 2152 aecipere,
2177 2078 2474 2138 cohwredes
2519 2088 2692 2142 autent
2733 2077 2949 2160 Christi.
2995 2079 3188 2164 ροι-ιε.)
3231 2079 3329 2137 Hic
3357 2079 3468 2149 jam
3519 2082 3792 2156 syIIOgis-

485 2185 541 2232 et
561 2175 758 2248 sitiam
782 2154 924 2232 ﬁlius
944 2190 1007 2231 ac
1028 2174 1278 2232 dominus
1297 2175 1559 2230 omnium.
1586 2172 1778 2230 Omnia
1797 2175 1963 2242 enim,
1989 2176 2072 2230 in-
2173 2186 2323 2250 mum
2375 2172 2544 2227 nectit
2582 2154 2900 2242 Apostolus,
2946 2154 3019 2254 et
3047 2154 3196 2228 dicit.
3245 2171 3302 2228 Si
3367 2173 3633 2256 spiritum
3684 2175 3787 2228 ad-

483 2268 622 2338 quit,
639 2277 807 2324 vestra
822 2277 963 2334 sunt,
984 2273 1058 2332 et,
1081 2282 1197 2321 cum
1219 2265 1428 2342 Christo
1451 2266 1598 2322 nobis
1613 2265 1754 2322 Deus
1777 2268 1952 2350 omnia
1974 2267 2072 2322 do—
2169 2265 2406 2336 optionis
2453 2266 2792 2348 accepimus,
2833 2281 2962 2347 ergo
3011 2265 3104 2320 ﬁlii
3145 2281 3352 2344 sumus.
3381 2264 3540 2345 Quod
3585 2267 3636 2322 si
3689 2267 3788 2350 lilii

483 2358 642 2414 navit.
673 2357 790 2430 Hoc
815 2371 944 2432 ergo
976 2364 1061 2412 est
1089 2356 1231 2430 quod
1255 2356 1414 2413 docet
1441 2357 1661 2425 Paulus,
1695 2343 1831 2429 quia
1849 2367 2066 2431 postea-
2171 2347 2388 2427 sumus,
2413 2343 2536 2436 ‘sine
2580 2343 2742 2416 dubio
2785 2343 2853 2428 et
2881 2343 3149 2416 liaaredes.’
3185 2343 3788 2445 Mercedem‘na‘nique

479 2467 642 2523 quam
665 2451 990 2508 commortui
1019 2467 1206 2508 sumus
1233 2450 1480 2517 Christo,
1509 2460 1566 2508 et
1593 2452 1828 2526 Spiritus
1852 2453 1968 2523 ejus
1988 2453 2070 2510 fa-
2171 2470 2358 2532 servus
2403 2461 2700 2530 exspectat,
2742 2454 3112 2534 hmreditatem
3153 2462 3332 2530 autem
3367 2453 3512 2534 ﬁlius
3560 2462 3781 2537 sperat.

481 2549 601 2598 ctus
625 2549 708 2597 est
736 2542 789 2597 in
819 2541 998 2607 nobis,
1020 2559 1125 2598 non
1154 2543 1353 2598 iterum
1385 2544 1634 2622 spiritum
1666 2547 1946 2602 servitutis
1974 2564 2067 2604 ac-
2168 2546 2238 2602 Et
2266 2561 2452 2614 rursus
2475 2545 2616 2600 aliud
2641 2545 2789 2602 addit
2811 2541 3172 2600 conclusionis
3199 2553 3549 2624 augmentum
3594 2563 3606 2598 :
3646 2544 3786 2619 Ηφ-

480 2630 722 2701 cepimus
756 2630 809 2684 in
839 2631 1064 2699 timore,
1096 2633 1199 2688 hoc
1239 2641 1356 2699 est,
1398 2650 1506 2690 non
1553 2651 1742 2692 rursus
1770 2639 1980 2712 parvuli
2013 2647 2070 2696 et
2170 2638 2316 2693 redes
2339 2638 2547 2710 quidem
2571 2636 2690 2702 Dei,
2719 2637 3011 2694 colurredes
3039 2645 3212 2692 autem
3252 2630 3468 2716 Christi.
3521 2637 3784 2718 (Amer

480 2721 633 2778 initia
651 2721 914 2780 habentes
943 2723 1120 2780 eﬁ‘ecti
1139 2727 1456 2792 sumus,sed
1479 2728 1635 2798 quasi
1655 2727 1882 2802 perfecti
1899 2731 2066 2800 semel
2168 2725 2302 2783 Cum
2345 2729 2484 2782 Deus
2521 2725 2684 2794 Pater
2734 2725 2880 2780 nullo
2923 2725 3084 2800 modo
3127 2734 3371 2804 mortuus
3411 2727 3590 2810 possit
3626 2727 3779 2804 dici,

471 2810 586 2883 jam
637 2813 946 2888 accepimus
993 2815 1242 2886 spiritum
1291 2817 1619 2887 adoptionis,
1651 2820 1704 2874 in
1739 2836 1841 2894 quo
1878 2821 2065 2892 spiritu
2169 2818 2418 2874 Christus
2445 2817 2614 2874 Filius
2635 2816 2753 2888 ejus
2781 2825 3025 2890 mortuus
3058 2817 3272 2900 dicatur
3305 2807 3469 2872 causa
3500 2807 3776 2873 incarna-

479 2904 800 2970 clamamus’,
839 2905 984 2960 Abba
1033 2903 1216 2961 Pater.
1267 2905 1453 2978 Neque
1493 2908 1636 2964 enim
1674 2918 1882 2980 patrem
1927 2911 2065 2968 alius
2170 2909 2487 2982 tionis,quid
2508 2917 2670 2966 estut
2693 2909 2896 2992 hic,qui
2919 2919 3162 2988 mortuus
3181 2919 3282 2976 est,
3299 2925 3511 2994 semper
3529 2913 3780 2994 viventis

478 2997 601 3066 quis
631 2997 735 3052 nisi
759 2995 902 3052 ﬁlius
929 3005 1105 3053 vocat.
1141 2998 1322 3072 (Aug.)
1353 2997 1572 3054 Clamor
1612 3001 1712 3056 iste
1743 3002 1923 3057 cordis
1949 3012 2060 3070 est,
2167 3003 2343 3059 haeres
2363 3017 2481 3058 esse
2502 3004 2729 3066 dicatur,
2749 3020 2870 3082 cum
2894 3004 3134 3076 literedes
3155 2993 3340 3084 utique
3362 3021 3468 3062 non
3489 2993 3598 3062 nisi
3623 3023 3779 3080 mor-

478 3103 586 3142 non
616 3087 886 3153 faucium,
927 3103 1036 3144 non
1076 3089 1344 3144 labiorum
1390 3109 1404 3144 :
1449 3091 1596 3146 intus
1627 3101 1813 3159 sonat,
1845 3093 2064 3151 auribus
2171 3100 2384 3149 tuorum
2411 3093 2564 3168 sint?
2591 3091 2698 3149 Sed
2727 3094 2841 3148 haec
2862 3109 3024 3150 causa
3047 3095 3398 3174 humanitatis
3419 3111 3525 3151 non
3560 3098 3773 3152 divini-

477 3179 574 3234 Dei
595 3187 769 3234 sonat.
790 3178 986 3236 Clauso
1005 3195 1100 3236 ore
1121 3181 1384 3252 labiisque
1406 3182 1664 3251 immotis,
1689 3185 1932 3242 Susanna
1961 3187 2063 3242 ista
2099 3250 2138 3265 ﬂ
2171 3184 2301 3239 tatis
2347 3192 2450 3240 est.
2504 3181 2638 3238 Nam
2683 3185 2822 3256 apud
2868 3184 3039 3262 Deum
3085 3200 3206 3254 qua:
3247 3187 3392 3265 apud
3441 3203 3542 3242 nos
3591 3187 3775 3246 haere-

478 3283 610 3326 voce
622 3269 892 3346 clamabat
913 3271 1074 3342 (Dan.
1094 3269 1216 3344 xii).
1239 3250 1347 3327 Cor
1368 3272 1582 3339 clamet,
1603 3250 1764 3330 Pater
1785 3285 1960 3331 noster
1977 3278 2067 3349 qui
2093 3250 2138 3314 C
2171 3273 2312 3330 ditas
2339 3275 2558 3341 dicitur,
2584 3250 2782 3330 donum
2802 3259 2970 3353 patris
2999 3276 3054 3332 in
3081 3250 3218 3357 ﬁlios
3239 3250 3559 3359 obedientes
3587 3289 3776 3359 trans-

477 3382 532 3420 es
563 3367 616 3420 in
647 3365 810 3422 caelis.
841 3365 1022 3434 Quare
1051 3383 1158 3424 non
1190 3376 1400 3425 tantum
1425 3367 1626 3426 Pater?
1651 3371 1791 3440 Quid
1819 3374 1922 3431 sibi
1955 3375 2068 3432 vult
2170 3363 2371 3433 fusum.
2409 3372 2472 3436 ιιι
2505 3366 2662 3423 vivus
2697 3365 2928 3448 viventis
2971 3367 3144 3450 haeres
3184 3367 3255 3452 si!
3290 3369 3486 3450 ιιιρτίιο
3511 3372 3769 3452 proprio.

479 3455 626 3514 Abba
657 3456 867 3532 Pater?
895 3457 954 3516 Si
985 3459 1130 3514 enim
1155 3476 1366 3532 quaeras
1401 3461 1529 3534 quid
1557 3464 1627 3519 sit
1653 3465 1807 3534 abba,
1841 3482 2050 3540 respon-

2168 3473 2277 3514 non
2304 3458 2628 3516 necessitate
2655 3445 2925 3540 defuncti.
2947 3445 3460 3552 piideetllo‘ininus
3489 3461 3545 3516 in
3576 3445 3768 3516 Evano

479 3547 638 3604 detur
665 3549 794 3615 tibi,
824 3559 990 3620 pater.
1019 3550 1172 3607 Abba
1200 3552 1344 3608 enim
1377 3551 1639 3610 Hebraice
1665 3565 1814 3626 pater
1839 3556 2061 3615 dicitur.
2170 3549 2308 3620 selio
2348 3565 2456 3604 ηοη
2494 3549 2665 3620 magis
2705 3547 2960 3630 human?
2985 3564 3146 3626 quam
3195 3551 3376 3608 divina
3419 3551 3636 3606 ratione
3674 3553 3768 3606 Vi-

479 3638 658 3706 Quare
696 3649 986 3716 utrumque
1015 3643 1185 3699 voluit
1213 3643 1504 3716 Apostolus
1532 3648 1778 3718 ponere?
1813 3647 1950 3720 Quia
1977 3650 2060 3706 vi-
2167 3657 2290 3698 vani
2303 3642 2608 3700 viventibus
2629 3643 2985 3724 substantiam
3006 3659 3158 3722 suam
3177 3643 3436 3720 partitum
3459 3659 3608 3708 esse,
3631 3644 3764 3702 licet

479 3729 643 3786 debat
676 3730 909 3802 lapidem
941 3733 1258 3806 angularem
1289 3749 1448 3806 quem
1478 3738 1906 3808 reprobaverunt
1933 3739 2064 3796 διᾱί-
2167 3735 2222 3791 in
2245 3734 2502 3806 parabole
2539 3734 2898 3806 signiﬁcavit;
2928 3749 3028 3818 nec
3062 3735 3205 3789 enim
3228 3735 3486 3818 parabola
3515 3737 3763 3806 absurda

2166 3829 2376 3884 ratione
2409 3829 2770 3906 componitur.
2805 3827 2876 3885 Ut
2909 3811 3037 3898 ergo
3069 3837 3349 3912 promptos
3370 3811 3492 3884 ‘nos
3521 3829 3594 3883 ad
3627 3831 3761 3885 obe-

2167 3919 2418 3976 diendum
2465 3920 2576 3979 Deo
2630 3917 2777 4000 Patri
2817 3917 3060 3986 faceret,
3125 3919 3229 3974 hac
3278 3933 3374 4005 spe
3423 3919 3761 3975 exhortatur

2163 4011 2349 4068 dicens
2387 4011 2483 4091 Dei
2522 4026 2622 4067 nos
2661 3997 2870 4066 futuros
2905 4009 3177 4080 haeredes,
3217 3997 3526 4091 coliteredes
3561 4024 3758 4066 autem

478 3910 670 3966 Matth.
704 3913 844 3986 ni),
876 3930 982 3970 non
1015 3915 1130 3986 sine
1159 3932 1324 3973 causa
1351 3917 1662 3990 angularem
1695 3919 1918 3988 dictum,
1955 3922 2061 3978 nisi

476 4003 602 4076 quia
618 4005 673 4060 in
689 4005 932 4074 osculum
961 4008 1154 4082 recipit
1173 4017 1464 4082 utrumque
1483 4012 1750 4083 parietem
1764 4015 1832 4070 de
1845 4015 2060 4072 diverso

473 4096 803 4154 venientem.
844 4098 982 4156 Hinc
1010 4101 1372 4170 circumcisio,
1399 4102 1521 4158 inde
1547 4105 1902 4176 praeputium;
1932 4107 2060 4164 inde

474 4186 636 4255 abba,
657 4187 784 4247 inde
811 4200 998 4260 pater;
1018 4191 1285 4262 parietum
1315 4193 1628 4262 concordia,
1653 4196 1836 4268 anguli
1865 4197 2052 4267 gloria.

474 4280 704 4354 (Ambr.)
729 4281 920 4339 Gratia
940 4297 1071 4356 ergo
1099 4285 1197 4342 Dei
1225 4301 1258 4340 a
1286 4286 1480 4343 timore
1509 4287 1723 4344 liberati
1750 4293 2058 4364 accepimus

363 4383 376 4390 ’
473 4371 726 4442 spiritum
765 4375 1070 4446 adoptionis
1098 4374 1364 4451 ﬁliorum,
1396 4385 1458 4433 ut
1489 4379 1898 4454 considerantes
1927 4384 2056 4455 quid

471 4477 708 4528 eramus,
735 4465 939 4536 etquid
967 4466 1109 4526 dono
1137 4467 1234 4530 Dei
1261 4483 1449 4525 sumus
1478 4471 1676 4546 adepti,
1708 4487 1904 4546 magna
1929 4491 2054 4531 cum

2163 4103 2397 4172 Christi;
2425 4090 2486 4158 ut
2511 4104 2635 4175 quia
2665 4119 2859 4176 magna
2887 4118 3010 4174 spes
3033 4103 3236 4186 praemii
3264 4090 3367 4172 est,
3397 4112 3546 4186 tanto
3569 4103 3758 4175 magis

2161 4182 2216 4252 in
2260 4196 2357 4254 Dei
2399 4197 2560 4268 rebus
2603 4195 2988 4268 propensiores
3032 4181 3306 4260 essemus,
3351 4181 3755 4269 postponentes

2161 4303 2348 4344 curam
2394 4288 2811 4369 mundanorum.
2873 4286 3013 4354 Quid
3055 4287 3126 4364 sit
3171 4297 3352 4369 autem
3400 4287 3752 4345 cohzeredem

2157 4393 2280 4438 esse
2319 4378 2441 4446 Filii
2485 4378 2580 4436 Dei
2615 4362 2682 4435 ab
2730 4379 2974 4450 apostolo
3017 4362 3224 4449 Joanne
3265 4362 3550 4456 docemur;
3597 4379 3754 4434 inter

2157 4481 2354 4532 caetera
2389 4475 2533 4546 enim
2569 4473 2686 4530 ait:
2729 4461 2939 4528 Scimus
2966 4469 3213 4544 quoniam
3253 4486 3372 4526 cum
3413 4472 3750 4543 apparuerit,

471 4553 750 4626 diligentia
777 4556 947 4612 vitam
979 4564 1225 4614 nostram
1251 4560 1564 4619 ordinemus
1589 4578 1604 4616 :
1629 4579 1700 4620 ne
1729 4579 1926 4622 nomen
1956 4566 2054 4622 Dei
2078 4613 2132 4636 τ,
2157 4563 2352 4622 similes
2390 4567 2440 4620 ei
2477 4565 2668 4620 erimus
2701 4561 2754 4636 (Ι
2791 4562 2954 4617 Joan.
2989 4562 3096 4635 ιιι).
3144 4559 3342 4634 [Orig.]
3385 4560 3491 4617 Sed
3538 4571 3592 4616 et
3641 4563 3752 4618 hoc

467 4643 648 4700 Patris
681 4644 739 4701 in
769 4645 926 4716 nobis
954 4644 1210 4718 iniuriam
1242 4649 1501 4722 patiatur,
1533 4659 1588 4708 et
1624 4667 1686 4709 ea
1720 4655 1902 4712 omnia
1929 4671 2052 4728 quae

468 4737 762 4807 evasimus,
792 4737 958 4808 veluti
987 4741 1185 4814 ingrati
1212 4755 1516 4800 curramus.
1541 4742 1724 4800 Talem
1753 4747 1898 4823 enim
1927 4764 2052 4822 gra-

466 4831 599 4886 tiam
620 4833 899 4889 consecuti
919 4848 1124 4906 sumus,
1147 4843 1208 4892 ut
1225 4837 1520 4894 audeamus
1537 4837 1716 4894 dicere
1729 4839 1859 4908 Deo,
1878 4840 2046 4911 Abba,

464 4923 520 4979 id
541 4930 626 4980 est
653 4926 838 4995 pater!
875 4925 1105 4999 ideoque
1139 4940 1478 4997 commonet,
1509 4946 1578 4986 ne
1606 4940 1826 5006 accepta
1848 4931 2046 4990 ﬁducia

463 5015 521 5072 in
543 5017 903 5075 temeritatem
921 5028 1184 5077 vertatur.
1211 5020 1267 5078 Si
1287 5022 1431 5078 enim
1458 5023 1584 5078 huic
1604 5024 1744 5091 voci,
1768 5039 1876 5094 qua
1913 5025 2048 5080 dici-

463 5126 610 5178 mus,
634 5111 782 5168 Abba
809 5111 993 5180 Pater,
1015 5113 1332 5172 dissimilem
1357 5116 1527 5172 vitam
1556 5117 1933 5185 exbibeamus,
1969 5119 2053 5175 in-

459 5199 662 5272 iuriam
691 5206 803 5263 Deo
829 5207 1094 5275 facimus,
1119 5218 1376 5266 vocantes
1412 5225 1534 5266 eum
1574 5219 1804 5282 patrem.
1841 5211 2051 5270 Idcirco

463 5296 610 5352 enim
631 5298 874 5355 bonitate
892 5317 989 5358 sua
1009 5302 1115 5360 hoc
1136 5303 1292 5359 nobis
1335 5303 1573 5369 indulsit,
1602 5305 1746 5379 quod
1773 5319 1933 5374 super
1955 5321 2051 5362 na-

465 5395 642 5444 turam
666 5397 905 5446 nostram
925 5401 1040 5460 est;
1055 5401 1116 5449 ut
1133 5393 1277 5464 quod
1290 5395 1590 5452 substantia
1613 5393 1816 5468 indigni
1839 5410 2044 5466 sumus,

463 5480 721 5550 operibus
741 5495 1068 5540 mereamur.

533 5570 658 5644 Ipse
704 5570 932 5644 Spiritus
973 5577 1328 5633 testimonium
1371 5578 1542 5634 reddit
1586 5580 1796 5650 spiritui
1841 5591 2040 5650 nostro,

462 5663 602 5736 quod
631 5680 813 5720 sumus
838 5662 939 5733 ﬁlii
969 5663 1083 5720 Dei.
1130 5664 1328 5740 (0rig.)
1361 5668 1484 5740 Ipse
1523 5686 1654 5742 ergo
1691 5671 1915 5743 spiritus
1949 5674 2045 5729 ad-

463 5757 696 5828 optionis
731 5774 831 5831 per
865 5775 1030 5833 quem
1055 5759 1110 5814 in
1135 5758 1305 5816 ﬁlium
1345 5763 1468 5832 quis
1503 5764 1820 5836 adoptatur,
1867 5766 2044 5824 raidit

466 5849 861 5919 testimonium,
911 5860 968 5912 et
1008 5851 1296 5910 conﬁrmat
1337 5853 1586 5923 spiritum
1633 5863 1880 5912 nostrum
1913 5858 2042 5936 quia

1555 5989 1648 6008 ..εκ
1715 5997 1818 6010 κθ...
1842 6005 1854 6011 ,

2078 4613 2133 4676 D

2157 4657 2318 4714 modo
2359 4657 2534 4714 haeres
2571 4656 2692 4728 quis
2732 4653 2962 4720 ellicitur
2997 4655 3116 4722 Dei,
3157 4669 3280 4710 cum
3321 4668 3443 4724 qua:
3477 4653 3578 4713 Dei
3614 4662 3752 4708 sunt

2157 4757 2433 4805 mereatur
2477 4732 2756 4818 accipere,
2805 4747 2861 4804 id
2903 4755 3016 4814 est,
3064 4745 3486 4821 inoorruptionis
3531 4753 3591 4801 et
3631 4747 3745 4802 im-

2155 4838 2502 4896 mortalitatis
2523 4838 2772 4910 gloriam,
2801 4839 3091 4894 thesauros
3115 4837 3392 4910 sapientia:
3416 4845 3474 4890 et
3495 4835 3746 4890 scientia:

2154 4930 2491 4997 reconditos;
2515 4930 2758 4986 conteres
2777 4943 2906 4997 vero
2927 4928 3152 4994 Christi,
3179 4943 3302 4983 cum
3329 4924 3749 4982 transformabit

2153 5039 2350 5095 corpus
2391 5023 2712 5080 humilitatis
2757 5030 2957 5078 nostris
3001 5019 3280 5076 conformo
3315 5019 3530 5090 corpori
3570 5017 3740 5073 clari-

2159 5119 2286 5176 tatis
2312 5133 2457 5186 suic,
2502 5117 2598 5174 sed
2631 5125 2688 5172 et
2725 5132 2847 5173 cum
2875 5115 3006 5175 illud
3030 5113 3256 5200 adipisci
3283 5112 3566 5176 meruerit,
3592 5111 3742 5182 quod

2157 5211 2293 5268 dixit
2335 5210 2452 5280 ipse
2492 5207 2779 5265 Salvator:
2807 5205 2999 5274 Pater,
3034 5206 3149 5264 volo
3190 5215 3242 5262 ut
3273 5204 3361 5260 ubi
3387 5220 3480 5276 ego
3507 5219 3646 5260 sum.
3686 5211 3738 5256 et

2154 5299 2241 5358 isti
2281 5299 2384 5354 sint
2428 5315 2628 5354 mecum
2661 5297 2844 5369 (Joan.
2881 5295 3038 5372 χιιι).
3104 5295 3200 5370 Est
3239 5301 3502 5370 praeterea
3544 5300 3600 5346 et
3640 5289 3736 5345 illa

2154 5391 2392 5462 dignitas
2439 5391 2782 5446 cohaeredum
2827 5388 3069 5456 Christi,
3123 5387 3268 5462 quod
3311 5385 3473 5466 Pater
3513 5382 3737 5466 quidem

2153 5498 2315 5540 omne
2349 5482 2613 5555 judicium
2655 5482 2801 5539 dedit
2834 5481 2992 5538 Filio.
3038 5479 3147 5537 Seu
3179 5488 3236 5535 et
3276 5476 3448 5555 filius
3490 5476 3620 5556 dicit
3661 5473 3737 5530 ad

2151 5577 2461 5634 cobazredes
2498 5590 2660 5632 suos:
2706 5575 2964 5637 Sedebitis
3001 5584 3050 5630 et
3094 5589 3180 5630 vos
3223 5589 3378 5646 super
3415 5571 3560 5657 sedes
3600 5569 3735 5627 dua-

2151 5669 2337 5734 decim,
2353 5666 2655 5739 judicantes
2679 5665 2954 5724 duodecim
2981 5665 3148 5724 tribus
3168 5662 3342 5730 Israel
3353 5661 3571 5736 (Matth.
3589 5659 3730 5732 ns).

2149 5761 2218 5820 Et
2259 5762 2362 5818 hoc
2406 5761 2567 5818 modo
2593 5760 2904 5818 coheredes
2944 5775 3072 5826 suos
3117 5757 3366 5820 Christus
3405 5771 3514 5814 non
3556 5755 3731 5814 solum

2150 5857 2204 5912 in
2255 5866 2466 5926 partem
2511 5854 2844 5912 hatreditatis
2870 5895 2886 5924 ,
2947 5854 3041 5914 sed
3081 5853 3247 5912 etiam
3294 5853 3353 5912 in
3395 5843 3732 5912 consortium
