4000 6398
173 432 315 519 ll'ss

170 567 459 647 potestatis
478 563 694 622 adducit
716 579 731 615 :
755 559 813 615 Si
824 567 1006 614 tamen
1025 552 1508 647 compatiamur,_ut
1527 545 1755 647 etsilnul
1782 551 1836 614 Α

175 636 544 737 gloriﬁcemur.
592 652 927 724 Compatitur
960 646 1187 737 Christo
1216 643 1309 714 qui
1340 640 1475 737 dicit
1497 658 1511 693 :
1552 636 1756 693 Cllristo

178 729 561 819 concruciﬁxus
599 762 715 801 sunt
749 742 893 799 cruci
933 737 1085 813 (Gal.
1126 735 1230 807 ll);
1267 741 1370 788 et:
1411 729 1537 786 Viuo
1583 738 1758 819 autem

170 845 290 915 jam
328 818 432 895 non
477 855 600 910 ego,
646 834 766 891 uiuit
807 847 928 886 vero
955 828 1189 884 Christus
1228 825 1283 878 in
1317 838 1401 877 me
1443 818 1662 892 (Ibid.);
1702 826 1759 915 et

180 910 378 989 iterum
418 930 510 1003 qui
563 927 693 983 dicit
733 943 748 980 :
794 922 854 979 Si
896 919 1201 978 commortui
1247 931 1450 979 sumus,
1495 922 1544 968 et
1584 910 1759 1003 conui-

182 1042 357 1083 uemus
379 1040 396 1079 :
491 1020 854 1091 compatimur,
878 1024 926 1070 et
948 1009 1374 1082 conregnabimus
1399 1003 1483 1079 (Il
1510 1004 1643 1059 Tim.
1669 1000 1757 1073 ll);

183 1118 274 1173 vel
328 1116 490 1179 etiam
549 1112 641 1183 qui
698 1109 879 1165 dicere
933 1112 1113 1176 potest
1159 1100 1360 1184 :‘Quia
1403 1096 1543 1170 quod
1583 1095 1760 1184 deerat

184 1208 485 1280 passionum
527 1182 723 1258 Christi
765 1198 932 1270 repleo
976 1197 1030 1250 in
1076 1182 1288 1264 corpore
1342 1182 1456 1243 ineo
1506 1183 1641 1259 (Col.
1692 1184 1754 1256 l).

189 1294 425 1369 [Ambr_.]
451 1293 698 1363 Compati
723 1300 808 1347 est
832 1284 1235 1359 persecutiones
1272 1280 1506 1336 tolerare
1538 1282 1758 1369 propter

188 1403 338 1458 spem
381 1387 719 1452 futurorum,
760 1394 1087 1449 carnemque
1113 1374 1429 1445 cruciﬁgere
1466 1385 1589 1426 cum
1615 1368 1761 1423 vitiis

187 1485 245 1533 et
285 1476 757 1548 concupiscentiis,
791 1474 895 1529 hoc
928 1477 1034 1537 est,
1073 1468 1397 1545 voluptates,
1443 1469 1498 1517 et
1540 1472 1762 1531 pompas

191 1569 374 1624 saeculi
424 1582 701 1641 Spernere.
763 1564 905 1625 Cum'
960 1561 1107 1617 enim
1162 1571 1278 1614 nam
1326 1553 1508 1611 omnia
1552 1558 1764 1641 mortua

162 1640 395 1714 ‘fuerint
435 1637 576 1730 apud
619 1657 914 1722 hominem,
965 1650 1234 1722 cruciﬁgit
1271 1645 1554 1708 mundum,
1596 1637 1770 1694 futuri

1248 1899 1663 2056 LIBER.

735 438 1282 507 ENARBATIONUM
1316 435 1386 496 IN
1419 433 1568 494 EPP.
1607 432 1817 492 PAULI
1850 430 1980 492 LIB.
2019 434 2087 493 γ.
2124 444 2205 491 έ-,
2230 430 2299 488 IN
2334 423 2552 487 EPIST.
2592 418 2685 479 AD
2719 414 2885 479 ROM.

1740 1818 2410 2076 QUINTUS,
2462 1812 2481 1821 ’

3281 412 3424 469 1454

1858 546 2040 603 saeculi
2076 546 2245 602 vitam
2284 542 2530 605 credens,
2564 537 2619 592 in
2645 549 2752 606 qua
2791 547 2851 587 se
2886 536 3068 601 sperat
3090 528 3424 585 coheredem

1863 637 2063 694 Christi
2088 635 2346 693 futurum.
2369 624 2573 704 (θήρ.)
2595 627 2746 681 Sient
2771 630 2950 683 autem
2975 619 3271 683 Christum,
3298 618 3426 689 quia

1863 730 2243 786 humiliaverat
2285 741 2343 781 se
2380 724 2551 794 factus
2599 719 2841 775 obediens
2880 728 3042 784 usque
3082 711 3152 766 ad
3185 720 3425 774 mortem,

1861 828 2091 876 mortem
2113 828 2291 872 autem
2315 810 2492 871 crucis
2515 809 2679 883 (Phil.
2707 807 2794 879 ll),
2821 801 3242 875 superexaltavit
3263 800 3428 865 Deus,

1862 919 1911 965 et
1959 908 2169 963 donauit
2201 904 2281 967 illi
2323 919 2509 961 nomen
2544 899 2681 971 quod
2718 905 2793 951 est
2837 910 2993 966 super
3026 908 3175 951 omne
3222 905 3425 953 nomen,

1862 1004 1940 1060 ita
1978 1011 2034 1057 et
2070 1015 2165 1057 eos
2203 996 2298 1069 qui
2330 994 2547 1053 Christo
2586 989 3003 1060 compatiuntur,
3030 997 3085 1041 et
3119 982 3433 1055 passionum

1862 1092 1980 1163 ejus
2005 1092 2287 1148 imitantur
2310 1085 2631 1155 exemplum,
2678 1082 2818 1136 Deus
2852 1095 2976 1135 cum
3016 1078 3107 1134 illo
3147 1077 3350 1132 exaltat
3380 1074 3436 1129 in

1865 1176 2110 1259 gloriaill.
2147 1183 2286 1238 Haec
2325 1192 2555 1248 namque
2591 1176 2677 1230 via
2712 1186 2824 1240 est,
2870 1187 3031 1242 quam
3069 1168 3437 1226 cohaeredibus

1865 1280 1979 1337 suis
2001 1277 2247 1334 Christus
2272 1271 2501 1344 aperuit,
2529 1277 2590 1323 ut
2607 1282 2781 1337 neque
2806 1281 2872 1321 ex
2897 1262 3228 1328 fortitudine,
3261 1275 3437 1329 neque

1865 1384 1934 1425 ex
1960 1366 2241 1437 sapientia,
2265 1364 2360 1420 sed
2382 1378 2449 1417 ex
2474 1359 2777 1416 humilitate
2811 1354 3134 1433 exalteutur,
3158 1359 3215 1433 et
3247 1366 3315 1406 ex
3341 1350 3442 1404 tri-

1865 1460 2200 1518 bulationum
2227 1455 2487 1530 patientia
2509 1448 2843 1539 haereditatis
2864 1456 3081 1506 aeternae
3101 1457 3441 1513 consequan-

1869 1560 1958 1607 tur
1984 1550 2233 1622 gloriam.

3252 1634 3280 1649 δ

1572 2125 2072 2153 Ψ*

595 2238 945 2323 SEQUITUR
979 2236 1206 2321 caper
1240 2237 1373 2296 vni.

270 2335 532 2401 Existimo
561 2351 682 2405 ergo
721 2332 859 2407 quod
901 2348 1005 2415 non
1045 2338 1166 2415 sunt
1203 2330 1473 2415 conclignw
1511 2327 1775 2401 passiones

94 2407 127 2447 "
196 2412 358 2498 hujus
396 2410 644 2501 temporis
674 2418 742 2477 ad
773 2407 1007 2497 [uturarn
1049 2407 1424 2493 gloriam'qu‘a:
1468 2419 1778 2495 revelabitur

196 2508 263 2573 in.
286 2504 454 2575 nobis.
493 2515 729 2591 (Ambr.)
769 2515 1085 2595 Exhortatio
1116 2516 1232 2587 haec
1256 2515 1322 2587 ad
1352 2514 1630 2597 superiora
1657 2529 1778 2593 per-

195 2612 357 2677 tinet,
379 2625 476 2682 per
496 2604 657 2683 qualn
680 2609 916 2685 ostendit
942 2623 1109 2681 parva
1136 2622 1277 2685 esse,
1301 2623 1421 2685 quae
1444 2608 1531 2685 llic
1554 2613 1781 2685 possunt

197 2719 227 2758 a
259 2702 483 2774 perﬁdis
523 2682 787 2774 irrogari,
828 2700 897 2757 ad
934 2682 1407 2783 comparationem
1426 2682 1631 2773 decreti
1662 2716 1780 2769 mu-

195 2795 346 2851 neris
367 2795 419 2848 in
448 2793 628 2849 futuro
666 2793 877 2873 saeculo.
909 2791 1198 2867 Propterea
1233 2791 1354 2867 [nos
1372 2790 1549 2869 jubei]
1570 2792 1639 2865 ad
1666 2806 1781 2866 om-

174 2870 285 2942 ~nia
306 2887 470 2953 exitia
497 2894 713 2959 paratos
733 2870 853 2953 eSSe
875 2872 1091 2963 debere,
1108 2885 1232 2959 quia
1255 2900 1447 2959 magna
1468 2898 1566 2959 pro
1591 2883 1676 2953 bis
1695 2897 1783 2941 re-

193 2970 467 3053 promissa
493 2984 618 3051 sunt
644 2976 865 3057 praemia
899 2994 912 3030 :
944 2985 1002 3031 ut
1029 2975 1082 3029 in
1110 2974 1453 3055 tribulatione
1478 2972 1783 3042 consoletur

195 3088 256 3129 se
284 3072 519 3149 animus,
537 3079 592 3127 et
613 3086 708 3143 spe
728 3078 955 3145 crescat.
973 3067 1106 3137 Nam
1131 3077 1186 3124 et
1210 3069 1490 3145 quosdam,
1517 3068 1623 3137 imo
1646 3064 1784 3135 nlul-

197 3171 283 3219 tos
304 3161 504 3240 scimus
532 3177 631 3235 pro
657 3160 1013 3235 praesentibus
1053 3158 1218 3231 lueris
1235 3199 1251 3226 ,
1284 3159 1647 3249 adJnodicum
1674 3157 1782 3212 uti-

194 3267 303 3322 que
326 3251 643 3325 profuturis,
658 3266 819 3331 quam
846 3265 1066 3331 asperos
1086 3256 1141 3325 et
1161 3248 1323 3305 duros
1345 3248 1525 3323 subire
1549 3248 1782 3315 labores,

198 3352 254 3398 et
284 3343 354 3398 ad
384 3358 503 3419 qua:
534 3342 763 3423 tendunt
789 3341 1107 3417 aliquando,
1142 3340 1265 3419 quia
1297 3340 1410 3413 ipsa
1437 3339 1550 3411 vita
1580 3337 1786 3408 fragilis

199 3440 283 3487 est
313 3441 369 3484 et
393 3431 620 3497 incerta,
634 3432 917 3505 pervenire
945 3446 1052 3485 non
1072 3439 1317 3505 possunt.
1336 3430 1524 3505 Nautes
1543 3444 1642 3505 pro
1662 3427 1786 3499 qui-

1799 2239 1850 2300 B
1877 2248 1987 2290 suae
2010 2225 2500 2295 transformabitur,
2523 2231 2586 2282 ut
2605 2223 2702 2283 ﬁat
2724 2224 3003 2295 conformo
3029 2227 3242 2300 corpori
3268 2226 3457 2298 819m,

1879 2320 2002 2379 Filii
2020 2319 2133 2395 Dei,
2151 2315 2551 2391 tribulationem
2568 2322 2889 2386 praesentem
2912 2324 3341 2387 nigmentaneqlu
3358 2318 3456 2383 du-

1878 2410 1955 2467 cit
1977 2420 2030 2466 et
2050 2410 2221 2489 levem
2248 2426 2261 2463 :
2288 2408 2499 2481 pondus
2519 2417 2699 2483 autem
2725 2406 2922 2463 futura:
2942 2408 3124 2479 gloria:
3142 2425 3324 2481 grave,
3348 2411 3455 2475 hoc

1878 2512 1963 2562 est
2002 2518 2251 2575 maguum
2294 2502 2515 2575 deputat
2550 2509 2604 2557 et
2631 2509 2888 2575 aeternum
2919 2518 2933 2555 :
2965 2510 3018 2559 et
3047 2511 3248 2574 quanto
3282 2504 3456 2574 magis

1881 2594 2223 2677 multiplicari
2262 2594 2365 2651 sibi
2402 2593 2810 2661 tribulationum
2837 2593 3033 2653 viderit
3064 2608 3274 2664 pinnas,
3308 2604 3457 2655 tanto

1881 2687 2109 2761 amplius
2133 2687 2383 2764 intelligit
2400 2687 2500 2761 sibi
2523 2686 2731 2759 pondus
2753 2695 2808 2755 et
2834 2687 3256 2758 magnitudinem
3274 2690 3459 2760 gloria:

1881 2780 2161 2837 cumulari.
2187 2779 2345 2847 Quod
2357 2786 2538 2851 autem
2557 2779 2708 2845 dicit,
2726 2777 2808 2835 Ad
2826 2778 3061 2849 futuram
3074 2780 3317 2851 gloriam,
3341 2798 3458 2853 qua:

1882 2874 2191 2931 revelabitur
2209 2875 2264 2930 in
2288 2875 2451 2947 nobis,
2477 2889 2637 2945 supra
2657 2873 2932 2945 jam'puto
2951 2874 3095 2945 quod
3128 2874 3458 2935 suliiciellter

1884 2968 2215 3043 ostendimus
2239 2968 2306 3025 de
2333 2966 2632 3039 dilTerentia
2660 2966 2985 3038 gloriarum,
3023 2982 3144 3038 qua:
3177 2968 3249 3024 sit
3287 2967 3458 3040 gloria

1884 3075 2004 3131 quae
2025 3059 2138 3130 jam
2166 3058 2403 3122 revelata
2429 3067 2542 3125 est,
2570 3066 2624 3112 et
2649 3073 2769 3129 quae
2796 3058 2867 3117 sit
2899 3074 3020 3127 quae
3051 3058 3339 3119 revelanda
3368 3059 3459 3125 sit,

1885 3159 1941 3206 et
1969 3147 2237 3222 quomodo
2265 3166 2384 3222 quae
2411 3164 2555 3217 nunc
2584 3148 2831 3213 videmus
2867 3163 2965 3218 per
2985 3148 3281 3219 speculum,
3312 3148 3463 3205 vide-

1884 3255 2007 3295 mus
2061 3248 2117 3295 et
2155 3239 2209 3295 in
2237 3239 2551 3310 aenigmate,
2580 3245 2708 3303 tunc
2737 3246 2918 3299 autem
2961 3254 3082 3294 cum
3123 3239 3334 3295 venerit
3370 3238 3460 3294 Fi-

1886 3334 1989 3391 lius
2024 3332 2259 3403 hominis
2296 3333 2350 3387 in
2387 3332 2558 3402 gloria
2587 3331 2765 3388 Patris
2800 3341 2857 3391 et
2893 3340 3204 3391 sanctorum
3239 3332 3462 3401 angelo-

1887 3442 2030 3494 rum,
2066 3425 2364 3493 videbimus
2398 3424 2537 3481 facie
2564 3424 2634 3488 ad
2662 3424 2855 3487 faciem
2882 3424 2967 3497 (II
2991 3424 3113 3481 Cor.
3144 3426 3287 3498 xm),
3321 3426 3462 3483 sicut

200 3522 305 3577 bus
353 3519 649 3605 commodis
698 3521 861 3602 tantis
902 3534 961 3597 se
996 3519 1247 3599 procellis
1284 3527 1340 3596 et
1377 3508 1787 3597 tempestatibus
1828 3600 1860 3605 _
1890 3526 1945 3574 et
1985 3515 2221 3587 Joannes
2264 3517 2434 3583 dixit,
2482 3519 2608 3588 quia
2646 3517 2927 3581 uidebimus
2964 3535 3082 3573 eum
3110 3520 3268 3574 sicuti
3301 3528 3378 3573 est
3410 3518 3463 3588 (Ι

203 3598 453 3689 credunt,
472 3628 594 3687 cum
624 3598 872 3689 scialltin
899 3611 985 3687 bis
1004 3598 1176 3687 magis
1206 3617 1431 3685 mortem
1456 3617 1581 3680 alue
1606 3608 1789 3683 oculos
1816 3600 1862 3675 β
1891 3609 2050 3665 Joan.
2092 3608 2209 3681 ul).
2260 3607 2366 3673 Sed
2412 3616 2468 3673 et
2511 3609 2600 3669 illa
2650 3618 2832 3677 potest
2888 3610 3060 3664 videri
3121 3610 3291 3681 gloria
3345 3625 3466 3680 quae

205 3720 328 3762 esse
360 3719 521 3788 993??
547 3703 753 3783 “‘33P?
782 3703 849 3783 βξ
873 3702 1072 3781 Πιξωβῆ
1099 3717 1193 3779 sne
1221 3702 1503 3775 praesentis
1557 3700 1785 3772 praetuli,
1886 3700 2175 3755 revelanda
2204 3707 2288 3757 est
2328 3714 2450 3767 cum
2488 3700 2554 3757 de
2584 3698 2806 3771 singulis
2832 3699 3135 3773 quibusque
3160 3702 3468 3757 rationibus

205 3811 331 3861 cum
365 3778 571 3875 incerta
600 3778 970 3875 victori-psit,
1022 3792 1080 3871 in
1122 3778 1327 3873 gladios
1355 3792 1637 3863 insurgere
1679 3805 1788 3863 non
1887 3789 2076 3846 mundi
2111 3789 2195 3865 vel
2231 3804 2420 3861 eorum
2448 3806 2566 3875 quae
2594 3806 2755 3861 supra
2785 3792 3044 3865 mundum
3082 3800 3207 3849 sunt
3242 3792 3467 3864 incipiet

209 3868 476 3943 dubitant.
503 3868 715 3953 Quanto
750 3868 881 3956 ergo
912 3868 1084 3957 magis
1112 3898 1211 3959 pro
1236 3868 1447 3957 Cbris‘c
1478 3880 1790 3953 patiendum

210 3984 315 4042 est,
347 3974 500 4047 cujus
530 3975 696 4031 etiam
721 3973 992 4049 protelata
1026 3982 1151 4033 sunt
1179 3973 1332 4051 nobis
1364 3970 1626 4051 beneficia
1654 3986 1670 4025 :
1698 3970 1791 4043 qui

209 4084 310 4138 pro
344 4068 525 4147 parvis
558 4066 844 4147 magniﬁca
883 4075 937 4122 ct
972 4081 1073 4138 pro
1108 4065 1493 4143 temporalibus
1531 4072 1791 4141 perpetua

209 4158 436 4230 prmlllia
458 4144 592 4241 cum
621 4159 791 4237 gloria
814 4144 1122 4233 pollicetur.
1177 4156 1374 4232 (Orig.)
1406 4158 1549 4227 nihil
1574 4158 1792 4228 quidem

214 4251 436 4323 dignum
466 4249 696 4321 inveniri
728 4250 812 4305 vel
847 4250 1153 4323 comparari
1186 4250 1256 4323 ad
1289 4249 1527 4323 futuram
1565 4248 1794 4321 gloriam

212 4353 411 4413 potest.
441 4342 501 4398 ln
528 4359 633 4426 quo
669 4343 813 4398 enim
837 4343 1068 4401 mortale
1092 4341 1485 4415 immortalibus
1509 4342 1796 4413 conferas?

214 4443 307 4487 aut
340 4434 642 4490 invisilibus
671 4434 929 4500 visibilia,
961 4442 1055 4505 aut
1082 4435 1301 4502 internis
1330 4434 1671 4505 temporalia,
1701 4442 1798 4491 aut

217 4523 421 4578 caduca
449 4524 767 4593 perpetuis?
814 4524 874 4579 Si
911 4539 1032 4596 qua:
1072 4531 1255 4580 tamen
1297 4526 1351 4581 in
1395 4525 1653 4595 praesenti
1686 4524 1799 4585 vita

214 4614 364 4669 velut
388 4614 634 4684 quaedam
659 4622 887 4684 possunt
913 4617 1120 4685 semina
1147 4616 1330 4687 glorias
1357 4617 1536 4688 colligi
1569 4616 1795 4683 futuris,

216 4703 343 4767 ista,
375 4703 614 4783 inquam,
642 4707 846 4760 semina
874 4723 941 4761 ex
973 4706 1408 4777 tribulationibus
1440 4715 1495 4763 et
1526 4709 1797 4778 passioni-

217 4795 318 4849 bus
351 4795 700 4873 colliguntur,
724 4799 863 4875 sicut
883 4811 937 4863 et
967 4802 1018 4855 in
1041 4801 1161 4870 aliis
1191 4802 1321 4871 dicit
1349 4803 1491 4867 idem
1510 4802 1801 4874 Aposlalus

1889 3881 2135 3937 doctrina
2184 3881 2467 3953 008119.86,
2511 3890 2569 3945 et
2620 3883 2862 3947 thesauri
2909 3886 3189 3956 sapientiai
3236 3885 3352 3955 eius
3403 3902 3470 3943 ac

1891 3973 2130 4043 scientiae
2162 3972 2411 4053 revelari.
2462 3973 2518 4029 Ν
2523 3991 2609 4039 am
2647 3978 2959 4047 exspectatio
2985 3986 3241 4034 creatura:
3267 3979 3467 4035 reuela-

1890 4067 2085 4123 tionem
2134 4065 2366 4136 ﬁliorum
2416 4066 2516 4131 Dei
2567 4077 2849 4139 exspectat.
2911 4067 3156 4143 (Ambr.)
3206 4070 3469 4139 Quoniam

1892 4162 2174 4233 praesentis
2209 4162 2469 4232 temporis
2505 4163 2788 4239 passiones
2821 4162 3070 4235 indignas
3108 4163 3245 4219 dixit
3282 4166 3349 4220 ad
3388 4164 3471 4221 lu-

1894 4258 2073 4307 turam
2114 4251 2359 4323 gloriam,
2402 4251 2632 4321 subjecit
2671 4253 2812 4321 quod
2856 4262 3102 4321 creatura
3145 4256 3248 4312 hoe
3287 4270 3473 4326 exspe-

1895 4352 2024 4408 ctat,
2057 4352 2114 4398 ut
2137 4342 2472 4412 compleatur
2498 4359 2756 4407 numerus
2784 4344 3018 4401 ﬁliorum
3048 4345 3142 4401 Dei
3171 4346 3471 4405 destinatus

1897 4435 1962 4490 ad
1988 4435 2184 4503 vitam;
2215 4443 2275 4490 ut
2302 4444 2429 4491 tunc
2450 4437 2665 4495 demum
2692 4437 2855 4493 etiam
2882 4438 3001 4508 ipsa
3028 4447 3275 4499 creatura
3302 4441 3474 4510 possit

1896 4524 2115 4599 liberari
2143 4542 2175 4583 a
2204 4528 2465 4597 servitute
2489 4529 2853 4599 corruptionis
2890 4536 2945 4585 et
2980 4545 3195 4597 cessare
3228 4531 3285 4584 ill
3313 4531 3467 4587 vitio.

1900 4619 2096 4694 (Orig.)
2140 4621 2233 4681 Ait
2255 4623 2421 4683 etiam
2449 4636 2785 4690 creaturam,
2821 4632 2884 4678 ut
2910 4632 3037 4694 pote
3067 4622 3474 4689 rationabilem,

1899 4713 2100 4773 habere
2149 4716 2610 4785 exspectationem
2642 4716 2963 4786 quamdam,
3004 4723 3059 4770 et
3106 4729 3253 4784 spem
3284 4729 3473 4787 gerere

1902 4806 2159 4876 temporis
2180 4806 2324 4863 illius
2356 4822 2464 4878 quo
2493 4806 2779 4863 revelanda
2798 4815 2881 4861 est
2904 4805 3070 4878 gloria
3096 4804 3328 4860 ﬁliorum
3352 4805 3473 4869 Dei,

220 4887 304 4959 (Il
337 4886 459 4942 Cor.
490 4890 564 4961 lv)
592 4909 606 4943 :
655 4891 805 4957 Quod
839 4893 975 4951 enim
1012 4894 1067 4948 in
1101 4896 1346 4965 prwseuti
1382 4905 1798 4971 ruontenlaueum
1825 4949 1877 4971 ἢ
1904 4896 2006 4957 hoc
2036 4906 2146 4963 est,
2190 4913 2317 4953 cum
2356 4897 2738 4953 revelabuntur
2774 4914 2837 4953 ea
2874 4912 2992 4967 qua)
3020 4905 3318 4967 praeparata
3351 4905 3479 4952 sunt

229 4949 239 4959 .
545 4949 561 4961 .
658 4949 693 4957 .-
792 4950 795 4951 ν
911 4949 915 4951 -
1101 4949 1114 4965 .
1184 4949 1190 4957 ι
1315 4949 1318 4950 ν
1421 4949 1450 4951 η
1905 4949 2002 4957 θην
2199 4949 2316 4953 ηη-
2357 4949 2728 4953 --ήμην-ην-
2781 4949 2836 4953 -θ-
3352 4949 3370 4952 -

220 4987 293 5032 est
323 4988 370 5032 et
399 4979 502 5059 leve
534 4982 886 5047 tribulationis
914 4994 1135 5053 nostra},
1163 5003 1323 5056 supra
1361 4986 1576 5051 modum
1615 4989 1671 5043 in
1701 4988 1800 5046 im-
1822 4949 1878 5011 Β
1902 4988 1988 5043 his
2009 4986 2210 5058 quiﬁlii
2232 4987 2326 5043 Dei
2348 5003 2469 5044 esse
2492 4990 2861 5054 merebuntur,
2879 4996 2969 5042 aut
2985 4995 3132 5042 certe
3153 5002 3273 5042 cum
3296 4985 3479 5041 ablato

219 5082 455 5124 mensum
479 5080 688 5153 (clerum
711 5070 891 5143 gloria:
910 5074 1113 5144 pondus
1140 5086 1384 5158 gperalur
1413 5079 1470 5132 in
1498 5078 1664 5143 nobis,
1697 5096 1801 5137 non

222 5163 610 5247 respicientibus
654 5181 773 5242 gute
812 5166 1082 5243 videntur,
1128 5170 1218 5234 sed
1250 5186 1368 5241 qua:
1403 5186 1505 5227 non
1543 5171 1801 5231 videntur.

222 5247 467 5331 Ostendit
483 5253 626 5333 enim
647 5270 747 5325 per
770 5255 886 5321 haec
910 5257 1055 5329 quod
1081 5259 1174 5328 qui
1196 5257 1287 5323 illa
1312 5258 1530 5329 respicit
1551 5275 1672 5331 quae
1696 5274 1806 5321 non

224 5335 473 5393 videntur
498 5350 549 5417 ei
581 5352 783 5423 aeterna
812 5356 956 5425 sunt,
981 5363 1194 5429 omnem
1230 5348 1633 5420 iribulationem
1661 5366 1807 5422 ullae-

226 5439 437 5511 cunque
482 5430 740 5495 acciderit
772 5437 852 5504 ei,
889 5441 1136 5515 quamvis
1169 5432 1308 5511 $131?
1330 5481 1345 5507 ι
1376 5444 1622 5512 QllllmViS
1644 5445 1803 5515 100.83

226 5518 491 5589 videatur,
537 5536 968 5607 momentalleam
1014 5534 1161 5591 ducit
1206 5544 1262 5592 et
1304 5535 1477 5605 levem
1523 5553 1537 5590 :
1588 5538 1802 5597 etiamsi

232 5616 513 5671 tormentis
537 5614 869 5687 Subjiciatur,
893 5630 950 5678 et
974 5626 1194 5695 aculeis,
1225 5636 1280 5685 et
1309 5629 1539 5699 ungulis,
1573 5645 1638 5686 eo
1668 5639 1803 5689 tem-

229 5714 360 5772 pore
387 5716 498 5771 quo
528 5706 806 5775 suppliciis
832 5725 1030 5780 corpus
1058 5715 1331 5786 allligitur,
1377 5719 1424 5774 si
1463 5719 1694 5789 aspiciat
1733 5721 1803 5779 ad

231 5789 465 5852 futuram
499 5798 726 5871 gloriam
763 5818 884 5877 qua:
923 5805 1212 5875 revelanda
1244 5817 1358 5878 est,
1403 5820 1460 5868 et
1499 5812 1803 5871 consideret

233 5889 498 5953 quomodo
515 5899 636 5963 post
657 5901 805 5950 tanta
824 5903 1092 5954 tormenta
1127 5914 1323 5973 corpus
1346 5903 1449 5960 hoc
1486 5905 1804 5963 humilitatis

1906 5080 1975 5143 ab
2000 5080 2083 5137 his
2107 5081 2371 5137 velamine
2396 5097 2503 5152 quo
2537 5083 2889 5154 obtegulltur,
2920 5080 3247 5137 mallil‘estati
3276 5078 3479 5137 fuerint

1906 5173 2009 5244 ipsi
2039 5174 2131 5243 qui
2158 5174 2254 5229 lilii
2282 5174 2379 5230 Dei
2409 5183 2551 5230 sunt.

1992 5263 2219 5321 Vanitati
2241 5266 2376 5321 enim
2402 5276 2642 5321 creatura
2668 5266 2900 5337 subjecta
2922 5272 2995 5322 est
3022 5281 3127 5319 non
3150 5280 3358 5333 umens,
3388 5266 3481 5321 sed

1906 5365 2117 5427 propter
2154 5370 2272 5410 eum
2314 5358 2405 5427 qui
2446 5357 2661 5428 subjecit
2705 5375 2819 5413 eam
2864 5358 2917 5413 in
2960 5359 3234 5431 spe:quia
3274 5368 3323 5414 et
3367 5360 3484 5432 ipsa

1907 5457 2148 5509 creatura
2184 5446 2493 5503 liberabitur
2514 5467 2547 5504 a
2572 5450 2816 5506 servitute
2850 5451 3200 5524 corruptionis
3234 5452 3289 5506 in
3321 5451 3480 5506 liber-

1906 5550 2066 5595 tatem
2109 5540 2289 5611 glorice
2333 5540 2561 5609 ﬁliorum
2590 5541 2707 5596 Dei.
2766 5542 2960 5614 (Orig.)
3008 5544 3137 5611 Quae
3178 5552 3358 5598 autem
3397 5551 3496 5597 est‘

1906 5638 2157 5687 creatura
2190 5648 2310 5702 qua:
2342 5633 2727 5689 revelationenl
2761 5634 2994 5687 ﬁliorum
3027 5634 3122 5688 Dei
3156 5631 3480 5703 exspectat?
3569 5691 3572 5695 ,

1905 5723 2050 5789 Haec,
2075 5724 2269 5793 inquit,
2283 5740 2402 5794 quae
2427 5726 2815 5801 nunevanitati
2842 5724 3079 5794 subjecta
3102 5732 3214 5780 est:
3235 5723 3480 5794 subjecta

1912 5822 2092 5870 autem
2118 5828 2223 5870 non
2254 5815 2455 5881 volens,
2488 5830 2660 5885 neque
2690 5824 2878 5887 sponte
2902 5816 3139 5888 propria,
3172 5814 3265 5871 sed
3292 5813 3483 5870 volun-

1910 5915 2023 5964 tate
2046 5906 2161 5980 ejus
2187 5908 2280 5979 qui
2306 5908 2578 5980 dispensat
2604 5908 2872 5966 universa.
2903 5906 3130 5978 Propter
3152 5906 3328 5977 ipsum
3350 5920 3484 5981 ergo
