4000 6398
500 355 640 413 uss
1059 411 1062 416 _
1130 353 1206 426 in.
1241 351 1496 410 RABANI
1531 351 1750 409 usum
1784 346 2080 407 ARCHIEP

2221 346 2458 408 iGUNT.'
2487 335 2778 409 orenuu
2797 329 2988 408 sine
3004 333 3102 406 'nt.
3141 335 3147 362 ί
3640 352 3801 406 uss

497 470 741 541 subjecta
769 480 892 538 est;
943 472 1188 542 subjecta
1225 479 1406 529 autem
1436 487 1545 528 non
1572 488 1636 528 ea
1663 472 1969 528 conditione
2005 454 2156 540 ut’A_
2167 481 2298 539 ergo
2327 467 2380 522 in
2411 454 2574 523 carne
2593 476 2814 538 propter
2834 467 2940 522 'nos
2965 483 2980 520 :
3003 465 3063 521 ut
3092 461 3270 550 autem
3291 459 3544 540 revelati‘
3561 462 3802 518 fuerint

483 539 722 632 ‘maneat
752 577 963 634 semper
985 539 1226 630 subjecta
1255 563 1510 627 vanitati,
1551 562 1646 617 sed
1680 577 1803 618 cum
1833 561 2065 632 quadam
2148 539 2264 610 lilii
2293 555 2386 609 Dei
2405 595 2420 618 ,
2445 563 2501 610 et
2525 556 2831 627 congregati
2858 555 3108 609 in‘unum
3134 539 3580 622 per‘Ecdesi‘am
3604 569 3798 624 quam

498 672 612 728 spe.
647 656 777 724 Quae
807 661 986 730 autem
1011 655 1106 710 .sit
1131 669 1253 724 spes
1289 654 1388 708 ista
1419 659 1805 709 commemorat
1837 653 2062 707 dicens:
2136 663 2139 665 ·
2167 647 2357 702 statuit
2398 647 2488 701 uni
2528 648 2636 701 viro
2671 646 2919 717 virginem
2962 655 3160 700 castam
3204 645 3445 700 exhibere
3495 645 3752 700 Christo
3773 687 3794 712 ,

499 746 762 813 Quoniam
786 755 836 800 et
863 747 1000 818 ipsa,
1025 746 1220 816 inquit,
1251 754 1492 799 creatura
1520 743 1824 799 liberabitur
1850 761 1883 798 a
1911 742 2068 798 servi-
2167 745 2296 792 tunc
2337 745 2391 794 et
2431 737 2547 807 ipse
2591 735 2910 792 liberabitur
2956 751 2987 790 a
3033 735 3298 792 servitute
3341 738 3790 807 corruptionis,

496 847 606 892 tute
649 839 1031 907 corruptionis,
1069 839 1128 892 in
1165 837 1402 891 libertate
1441 836 1623 908 gloria:
1667 835 1900 906 ﬁliorum
1946 835 2064 890 Dei.
2167 828 2308 883 sicut
2337 827 2451 898 ipse
2479 828 2607 883 dicit
2634 845 2647 881 :
2672 827 2784 898 Ego
2818 838 2992 882 autem
3018 829 3135 898 jam
3157 828 3432 894 immolor,
3465 838 3524 884 et
3561 839 3791 898 tmpus

497 927 861 983 Discutiamus
921 941 1050 998 ergo
1096 927 1356 982 intentius
1399 943 1520 997 qua;
1563 935 1647 982 est
1693 927 1795 982 ista
1836 927 2064 990 vanitas,
2168 918 2498 974 resolutionis
2535 936 2663 975 mea:
2693 921 2869 975 instat.
2910 915 3134 976 Cursum
3165 923 3574 990 consummaui,
3607 924 3786 994 [idem

497 1019 583 1073 cui
625 1028 872 1076 creatura
916 1011 1114 1075 dicitur
1139 1033 1261 1074 esse
1292 1018 1564 1089 subjecta,
1604 1027 1660 1074 et
1691 1033 1810 1088 quae
1845 1026 1929 1075 est
1963 1019 2064 1073 ista
2150 1011 2392 1076 -δενυαυὶς
2434 1010 2499 1065 de
2539 1023 2724 1065 δαῖτενο
2768 1011 2990 1082 reposita
3017 1020 3092 1066 εει
3121 1011 3253 1066 mihi
3294 1029 3492 1085 corona
3536 1014 3786 1084 justiti:

495 1110 792 1179 corruptio,
821 1110 888 1165 de
922 1108 1076 1178 cujus
1105 1109 1364 1164 servitute
1401 1107 1730 1164 liberandam
1752 1121 1828 1164 .se
1861 1107 2062 1179 εμπ-ιιι.
2167 1098 2254 1169 (ΙΙ
2282 1098 2418 1154 Tim.
2445 1100 2541 1171 IV).
2572 1098 2685 1156 Hoc
2707 1109 2790 1156 est
2823 1101 3104 1156 liberatum
3131 1095 3254 1158 esse
3278 1119 3310 1158 a
3335 1105 3626 1160 servitute
3657 1121 3786 1160 mr-

496 1197 624 1252 Mihi
666 1198 876 1254 videtur
909 1199 1054 1268 quod
1097 1199 1164 1254 de
1201 1199 1306 1253 hac
1341 1198 1608 1254 materiali
1643 1207 1700 1253 et
1731 1197 2066 1270 corruptibili
2165 1189 2433 1260 ruplionis
2467 1190 2524 1244 in
2560 1189 2864 1247 libertatem
2907 1191 3091 1263 gloria:
3143 1191 3374 1250 ﬁliorum
3403 1195 3534 1250 Dei.
3575 1196 3782 1268 (Δις.)

494 1289 736 1358 corporis
774 1289 1075 1345 substantia
1115 1288 1220 1344 ista
1256 1289 1522 1343 dicantur.
1563 1279 1747 1357 Neque
1772 1287 1914 1343 enim
1947 1303 2066 1344 cor-
2164 1281 2316 1348 Quod
2351 1291 2529 1338 autem
2565 1284 2681 1338 ait:
2717 1283 2858 1338 Nam
2896 1287 3216 1355 exspectatio
3246 1297 3512 1340 creature
3557 1288 3784 1340 revela-

494 1379 672 1448 ruptio
702 1378 1047 1450 alicuiquam,
1076 1379 1180 1433 nisi
1205 1377 1418 1448 corpori
1447 1377 1774 1451 dominatur.
1815 1375 1948 1431 Nam
1977 1377 2065 1432 ille
2163 1374 2355 1428 tionem
2379 1373 2608 1442 filiorum
2632 1373 2732 1428 Dei
2757 1385 3012 1446 exspectat
3036 1389 3056 1427 :
3086 1376 3304 1430 vanitati
3329 1378 3470 1430 enim
3504 1390 3778 1432 creatura

493 1470 718 1524 interior
746 1453 908 1526 homo
931 1471 1024 1540 qui
1053 1469 1346 1525 secundum
1369 1467 1536 1523 Deum
1557 1475 1770 1523 creatus
1795 1477 1898 1534 est,
1922 1475 1977 1522 ct
1997 1467 2066 1522 ad
2162 1467 2395 1536 subjecta
2423 1475 2496 1522 est
2524 1483 2628 1521 non
2655 1478 2853 1538 sponte,
2883 1477 3014 1534 etc.,
3050 1484 3221 1539 usque
3251 1470 3318 1524 ad
3359 1471 3413 1524 id
3451 1473 3616 1540 quod
3651 1473 3736 1525 ait
3757 1491 3774 1523 :

490 1561 783 1633 imaginem
811 1561 908 1618 Dei
941 1562 1151 1626 factus,
1183 1558 1610 1630 incorruptibilis
1639 1568 1748 1622 est,
1791 1567 1846 1613 et
1871 1557 2060 1612 invisi-
2163 1555 2233 1610 Et
2253 1556 2351 1626 ipsi
2369 1557 2424 1611 in
2444 1557 2592 1611 nobis
2611 1558 2992 1628 ingemiscimus
3015 1559 3344 1629 adeptionem
3360 1571 3777 1630 exspectantes,

489 1654 644 1721 bilis,
683 1663 739 1710 et
773 1655 1069 1728 secundum
1101 1653 1375 1722 propriam
1403 1651 1485 1706 sui
1515 1651 1781 1707 rationem
1815 1651 2063 1719 incorpo-
2163 1648 2562 1718 redemptionem
2588 1650 2820 1719 corporis
2846 1649 3040 1717 nostri,
3082 1649 3161 1704 sic
3189 1649 3618 1723 intelligendum
3650 1664 3772 1714 est,

489 1758 616 1799 reus
643 1743 745 1799 dici
781 1752 978 1815 potest.
1015 1742 1267 1796 Exterior
1310 1755 1438 1794 vero
1479 1741 1640 1794 homo
1683 1747 1738 1793 et
1773 1748 2075 1806 corporeus
2162 1748 2221 1793 ut
2249 1753 2424 1810 neque
2453 1752 2669 1794 sensum
2697 1740 2946 1810 gemendi
2977 1749 3034 1796 et
3063 1741 3276 1797 dolendi
3304 1746 3615 1812 opinemur
3645 1759 3777 1800 esse

488 1843 545 1889 et
567 1834 932 1904 corruptibilis
958 1835 1157 1888 dicitur
1181 1840 1434 1908 apropter
1455 1831 1594 1900 quod
1624 1837 1678 1884 et
1698 1829 1894 1884 Paulus
1917 1828 2064 1884 dice-
2090 1823 2138 1884 B
2167 1832 2222 1888 in
2243 1832 2527 1888 arboribus
2547 1842 2602 1887 et
2623 1819 2858 1888 oleribus
2877 1842 2933 1888 et
2953 1833 3309 1904 lapidibus,et
3331 1836 3558 1890 caeteris
3581 1837 3778 1906 hujus-

487 1926 581 1980 bat
611 1943 622 1977 :
660 1923 800 1977 Nam
835 1925 928 1977 etsi
964 1925 1008 1977 is
1047 1923 1136 1993 qui
1174 1922 1239 1975 de
1271 1921 1402 1991 foris
1438 1931 1512 1976 est
1550 1920 1704 1974 homo
1727 1930 1916 1974 'nosler
1943 1935 2060 1974 εον-
2161 1923 2372 1979 cemodi
2394 1924 2656 1979 creaturis
2680 1939 2694 1978 :
2721 1924 2809 1979 hic
2829 1925 2974 1978 enim
3000 1939 3156 1978 error
3177 1923 3618 1980 Manichaeorum
3649 1935 3769 1992 est;

490 2016 771 2085 rumpitur,
819 2015 911 2069 sed
955 2017 1043 2086 qui
1090 2019 1230 2068 intus
1274 2024 1348 2068 est
1393 2022 1668 2068 renovatur
1697 2011 1782 2084 (ΙΙ
1810 2011 1932 2066 Cor.
1963 2009 2058 2080 ιν).
2161 2030 2336 2084 neque
2355 2014 2574 2084 angelos
2593 2025 2807 2070 sanctos
2831 2013 3054 2069 vanitati
3077 2015 3348 2086 subjectos
3371 2030 3498 2071 esse
3516 2017 3775 2072 arbitre-

487 2103 766 2159 lnterioris
803 2112 982 2159 autem
1026 2104 1260 2158 hominis
1302 2102 1602 2168 renovatio,
1646 2109 1830 2176 utpote
1859 2101 1950 2172 qui
1979 2109 2063 2157 est
2161 2119 2312 2170 mur;
2339 2105 2482 2160 etde
2508 2104 2592 2160 his
2621 2105 2996 2160 existimemus
3017 2105 3158 2174 quod
3186 2105 3576 2162 liberabuntur
3599 2122 3634 2160 a
3659 2123 3776 2163 wr-

489 2194 843 2260 rationabilis,
881 2203 936 2250 et
974 2210 1127 2251 mens
1163 2196 1218 2250 in
1253 2195 1528 2265 agnitione
1559 2195 1654 2249 Dei
1681 2205 1736 2249 et
1763 2195 2063 2264 capacitate
2159 2195 2330 2251 vitute
2359 2196 2632 2263 interitus,
2662 2211 2784 2252 cum
2811 2197 3082 2252 interituri
3108 2199 3292 2270 utique
3331 2215 3444 2254 non
3475 2201 3600 2255 sint.
3628 2219 3646 2254 :
3674 2201 3772 2257 sed

486 2287 657 2342 sancti
683 2285 917 2358 Spiritus
941 2295 1172 2342 constat.
1198 2285 1395 2342 Verum
1423 2296 1482 2341 ut
1507 2286 1684 2357 aliqua
1711 2287 1776 2342 de
1802 2297 1909 2342 tam
1937 2303 2061 2358 pro-
2159 2303 2374 2343 omnem
2421 2295 2726 2343 creaturam
2774 2288 2829 2343 in
2874 2288 2998 2359 ipso
3045 2291 3262 2346 homine
3315 2291 3434 2347 sine
3492 2293 3616 2346 ulla
3680 2310 3768 2350 ca-

485 2367 670 2434 fund'is
690 2380 850 2434 rebus
865 2363 1420 2434 breviteret‘strictim
1436 2379 1601 2434 etiam
1629 2365 1892 2434 chartulis
1915 2395 2061 2435 com-
2162 2365 2362 2432 lumnia
2409 2378 2730 2450 cogitemus.
2779 2377 2896 2434 Non
2951 2381 3094 2435 enim
3149 2389 3398 2436 creatura
3462 2381 3584 2436 ulla
3643 2398 3768 2439 esse

486 2471 804 2536 mittamus,
853 2479 908 2524 et
955 2471 1126 2540 ipsam
1171 2471 1446 2526 interioris
1489 2471 1742 2536 hominis,
1795 2471 1900 2526 hoc
1944 2454 2056 2538 est,
2158 2477 2376 2540 potest,
2421 2469 2526 2524 nisi
2551 2477 2644 2525 aut
2667 2469 2948 2540 spiritalis,
2987 2485 3107 2540 qua:
3139 2470 3368 2526 excellet
3399 2471 3457 2526 in
3497 2473 3764 2542 angelis;

486 2561 682 2616 animat
707 2560 1010 2630 mentisque
1043 2560 1360 2615 substantia:
1388 2549 1706 2631 colligamus
1735 2561 2055 2632 imaginem,
2159 2569 2254 2614 aut
2295 2559 2579 2627 animalis,
2609 2574 2728 2630 quae
2758 2561 2919 2616 etiam
2945 2561 3000 2615 in
3026 2561 3139 2615 vita
3165 2557 3469 2618 bestiarum
3501 2564 3654 2618 satis
3676 2580 3767 2633 ap-

486 2651 754 2722 quomodo
789 2653 1008 2706 vanitati
1053 2661 1295 2706 creatura
1333 2651 1564 2722 subjecta
1601 2661 1674 2706 est
1715 2669 1819 2707 non
1863 2652 2056 2719 volens,
2157 2659 2340 2720 paret;
2383 2659 2478 2704 aut
2504 2649 2832 2720 corporalis,
2867 2665 2987 2720 qua:
3021 2637 3192 2706 videri
3233 2659 3328 2705 aut
3361 2654 3514 2723 tangi
3551 2661 3763 2722 potest.

483 2743 574 2798 sed
605 2751 814 2814 propter
844 2733 961 2796 eum
998 2741 1087 2813 qui
1119 2741 1337 2813 subjecit
1381 2757 1495 2797 eam
1535 2742 1589 2797 in
1620 2759 1708 2812 spe
1734 2755 1753 2794 :
1781 2751 1837 2798 et
1861 2745 2055 2812 ipsum,
2159 2741 2348 2797 Omnis
2369 2750 2553 2796 autem
2576 2747 2658 2798 est
2679 2743 2844 2798 etiam
2866 2741 2920 2798 in
2943 2743 3180 2809 homine,
3195 2743 3322 2814 quia
3339 2745 3512 2800 homo
3537 2755 3768 2800 constat

484 2836 530 2891 si
563 2832 792 2900 videtur,
819 2833 1046 2890 Paulum
1078 2850 1342 2906 ponamus
1371 2835 1426 2890 in
1461 2835 1658 2900 medio,
1691 2837 1846 2906 cujus
1874 2837 2060 2906 utique
2157 2832 2339 2888 anima
2363 2843 2420 2890 et
2447 2847 2694 2903 corpore.
2727 2833 2870 2905 Ergo
2895 2843 3142 2890 creamra
3170 2835 3561 2892 revelationem
3613 2837 3761 2892 tilio-

483 2925 664 2981 anima
702 2923 790 2981 vel
817 2940 993 2992 mens,
1023 2925 1116 2996 qui
1142 2934 1226 2982 est
1262 2925 1486 2981 interior
1509 2925 1626 2996 ejus
1653 2927 1834 2994 homo,
1867 2939 2069 3000 super-‘
2161 2941 2281 2979 rum
2313 2925 2408 2980 Dei
2437 2933 2741 2995 exspectat,
2771 2926 3030 2995 quidquid
3057 2941 3200 2982 nunc
3223 2928 3278 2982 in
3297 2927 3524 2983 homine
3539 2927 3766 2982 laborat

485 3019 728 3088 greditur
769 3028 824 3074 et
869 3019 1116 3074 ascendit
1151 3034 1312 3074 omne
1347 3020 1491 3089 quod
1530 3034 1880 3088 corporeum,
1914 3021 2058 3090 quod
2159 3025 2217 3072 et
2249 3018 2580 3087 corruptioni
2607 3015 2851 3085 subjacet
2875 3058 2890 3083 ,
2929 3017 3074 3072 illam
3099 3018 3308 3074 scilicet
3337 3020 3761 3076 munire-tatio-

483 3105 724 3171 visibile,
764 3107 906 3174 quod
937 3107 1119 3161 sensui
1147 3106 1387 3176 subjacet
1415 3116 1470 3162 et
1497 3111 1770 3178 aspectui,
1806 3119 1862 3165 et
1889 3111 2058 3180 ipsius
2097 3179 2128 3184 _
2160 3105 2386 3171 nem,de
2407 3122 2512 3176 qua
2535 3108 2676 3170 idm
2698 3107 3133 3178 dicitApostolus
3159 3109 3356 3182 (Colos.
3384 3112 3466 3184 ιιι)
3497 3130 3512 3164 :
3552 3113 3763 3166 ,νοτιιί

484 3194 679 3250 divinat
704 3201 908 3249 natura:
934 3193 1162 3249 ellicitur
1183 3210 1373 3265 capax.
1409 3195 1514 3252 Sed
1541 3197 1657 3252 haec
1683 3205 1832 3252 tanta
1857 3179 1923 3254 et,
1936 3200 2058 3256 talis
2085 3179 2131 3242 (ἶ
2163 3199 2301 3252 enim
2329 3197 2450 3252 estis
2487 3207 2536 3252 et
2580 3199 2685 3252 vita
2720 3208 2887 3252 vestra
2922 3179 3225 3254 abscondita
3261 3212 3336 3255 est
3379 3179 3501 3256 cum
3540 3202 3761 3257 Christe

487 3285 682 3340 animae
706 3284 822 3354 ejus
859 3286 1191 3352 substantia,
1230 3302 1350 3358 quae
1393 3287 1630 3343 rationes
1665 3298 1719 3344 et
1757 3289 2059 3362 intelligen-
2163 3287 2219 3341 in
2253 3287 2384 3341 Dea.
2425 3285 2560 3342 Cum
2593 3287 2830 3342 Christus
2857 3291 3158 3360 apparuerit
3183 3290 3286 3344 vita
3313 3302 3506 3357 vestra,
3549 3303 3684 3346 tunc
3714 3301 3761 3346 et

491 3376 620 3430 tiam
643 3375 942 3432 caelestium
967 3377 1656 3448 divinorumquesensuum
1681 3389 1824 3437 tenet
1846 3381 2063 3454 (quibus
2163 3394 2252 3432 vos
2271 3395 2390 3432 cum
2409 3379 2521 3448 ipso
2545 3378 2858 3449 apparebitis
2878 3381 2932 3433 in
2951 3379 3138 3449 gloria.
3158 3380 3298 3436 Dicit
3317 3382 3460 3437 enim
3477 3382 3760 3439 Joannes:

489 3483 557 3524 ex
575 3467 770 3532 causis,
787 3465 933 3523 Deus
945 3467 1441 3540 viderit),subjecta
1455 3479 1538 3526 est
1558 3472 1802 3528 servituti
1819 3474 2064 3544 corporis
2164 3467 2534 3534 Dilectissimi,
2563 3485 2704 3523 nunc
2728 3468 2827 3536 [itii
2853 3467 2952 3522 Dei
2981 3483 3190 3533 sumus,
3221 3480 3270 3524 et
3295 3473 3532 3524 nondum
3581 3489 3759 3540 appa-

485 3557 870 3629 corruptibilis,
895 3566 950 3614 et
973 3560 1196 3614 vanitati
1217 3559 1334 3628 ejus
1358 3561 1604 3616 devincta
1631 3571 1732 3618 est.
1765 3563 2063 3619 Considera
2111 3587 2120 3592 ~
2163 3559 2266 3611 ruit
2293 3558 2422 3628 quid
2445 3559 2642 3612 erimus
2669 3571 2688 3610 ε
2714 3559 2906 3612 scimus
2935 3567 3108 3612 autem
3128 3558 3251 3630 quia
3275 3577 3391 3613 cum
3416 3563 3759 3630 apparuerit,

482 3653 627 3708 enim
657 3653 1013 3710 necessitates
1040 3653 1306 3724 carparis,
1344 3655 1708 3726 appetentiam
1735 3657 1874 3724 cibi,
1913 3659 2063 3730 dige-
2163 3649 2356 3705 simile!
2381 3652 2431 3704 οἱ
2453 3651 2665 3715 erimus,
2693 3651 2942 3722 quoniam
2963 3651 3244 3706 videbimus
3267 3667 3384 3705 eum
3405 3652 3567 3706 sicuti
3583 3666 3670 3708 εει
3695 3652 3758 3724 (1

483 3747 720 3802 stionum
747 3749 1009 3818 pudorem
1025 3789 1041 3815 ,
1082 3749 1417 3818 posteritatis
1453 3753 1771 3821 reparanda:
1796 3767 2060 3808 verecun-
2161 3739 2323 3797 Ῑοαη-
2338 3740 2446 3815 lll)-
2465 3739 2615 3798 Hanc
2635 3757 2765 3813 ergo
2785 3742 3164 3798 revelationem
3186 3739 3419 3799 ﬁliorum
3435 3743 3534 3800 Dei
3559 3761 3762 3816 εἰει»

485 3838 664 3904 diam,
695 3845 754 3892 ut
785 3839 988 3894 seritur
1021 3839 1255 3907 soboles,
1283 3849 1344 3896 ut
1368 3842 1568 3908 editur,
1607 3850 1668 3898 ut
1701 3844 1964 3908 nutritur;
2006 3851 2063 3898 et

2179 3841 2274 3887 :tat
2304 3843 2572 3901 creatura,
2603 3849 2722 3903 quae
2750 3833 2804 3888 in
2828 3831 3046 3889 homine
3076 3849 3220 3890 nunc
3244 3835 3470 3889 vanitati
3495 3838 3759 3906 subjecta

484 3929 608 3985 vide
647 3936 848 4000 quanta
888 3929 945 3984 in
989 3930 1076 3985 his
1117 3931 1331 3987 vanitas
1372 3932 1652 3998 habeatur,
1693 3943 1894 4002 quanta
1935 3948 2060 3988 cor-
2161 3933 2264 3991 est,
2283 3926 2516 3996 quandiu
2536 3925 2806 3982 deditaest
2829 3925 3212 3997 temporalibus
3233 3926 3412 3992 rebus,
3428 3942 3550 3997 quae
3574 3936 3765 3984 trans—

484 4019 686 4089 ruptio,
729 4019 816 4074 cui
857 4031 1110 4076 creatura
1152 4021 1348 4077 anima:
1385 4023 1582 4079 nobilis
1625 4033 1682 4078 et
1725 4023 2062 4080 rationabilis

2178 4023 2292 4070 sunt
2331 4025 2603 4092 tamquam
2638 4017 2853 4072 umbra.
2887 4015 3050 4074 “Unde
3079 4029 3133 4074 et
3170 4019 3224 4074 in
3249 4015 3480 4074 Psalmis
3500 4017 3718 4074 dicitur
3740 4039 3758 4075 :

484 4109 613 4166 licet
639 4124 746 4171 non
771 4113 958 4170 volens
985 4115 1226 4186 subjecta
1249 4123 1355 4180 est,
1382 4118 1622 4188 subjecta
1653 4126 1831 4174 tamen
1860 4120 1913 4174 in
1943 4133 2059 4190 spe,

2180 4102 2339 4158 Homo
2358 4106 2577 4159 vanitati
2598 4105 2786 4160 similis
2809 4106 2980 4175 [actus
3002 4113 3075 4161 est
3096 4120 3117 4161 ’:
3134 4107 3246 4162 dies
3267 4108 3384 4178 ejus
3401 4109 3539 4162 sicut
3558 4109 3760 4163 umbra

489 4211 698 4276 tempus
717 4203 965 4260 videlicet
989 4221 1213 4276 sperans
1240 4221 1348 4276 quo
1379 4204 1654 4276 liberetur,
1679 4225 1802 4264 cum
1831 4204 2064 4266 filiorum

2181 4205 2470 4250 rrtetereunt
2495 4193 2668 4267 (Paul.
2690 4197 2898 4266 cm“).
2922 4197 3003 4252 De
3019 4209 3126 4266 qua
3141 4197 3384 4253 vanitate
3399 4197 3761 4276 etiam'Saio-

485 4289 585 4348 Dei
603 4275 825 4368 tempus
859 4275 1126 4352 libertatis
1153 4275 1613 4354 advenerit.'lloc'
1640 4307 1724 4354 est
1759 4315 1888 4370 ergo
1921 4301 2064 4369 quod

2178 4297 2292 4338 non
2319 4283 2558 4354 loquitur
2575 4295 2701 4340 cum
2723 4283 2891 4339 dicit:
2924 4283 3140 4340 Vum'tas
3156 4275 3758 4366 'vanitatum'étfomnia

449 4382 454 4390 '
487 4390 544 4436 et
569 4382 624 4434 in
649 4383 783 4466 aliis
803 4379 1170 4452 apertius‘jam
1193 4387 1257 4440 de
1283 4401 1342 4441 se
1365 4387 1478 4456 ipse
1512 4386 1725 4442 dicebat
1753 4367 2029 4460 Apostolus

2176 4372 2367 4428 vanitas
2397 4387 2416 4425 :
2437 4388 2556 4445 qute
2587 4373 2914 4428 abundantia
2947 4376 3144 4431 homini
3173 4367 3605 4457 iniamntldba’re
3623 4391 3756 4439 sua,

489 4471 617 4542 quia
644 4463 774 4526 [tum
798 4489 978 4528 sumus
1015 4473 1070 4529 in
1109 4473 1406 4532 habitacula
1435 4477 1533 4532 hoc
1563 4479 1946 4550 ingemiscimus
1975 4479 2067 4552 (II,

2173 4480 2270 4535 quo
2302 4466 2411 4534 ipse
2447 4465 2650 4519 laborat
2680 4466 2782 4519 sub
2802 4466 2913 4520 sole
2931 4468 2958 4520 t’
2983 4464 3348 4536 (licet-ruunt)
3377 4467 3452 4521 De
3471 4463 3580 4536 qua
3603 4468 3753 4521 idem

490 4557 614 4615 Cor.
661 4559 737 4634 ν).
786 4558 900 4618 Hoc
930 4572 984 4620 et
1017 4565 1279 4635 sapientia
1312 4581 1410 4636 per
1448 4565 1788 4624 Salomonem
1830 4567 2061 4636 dicebat,

2177 4557 2337 4612 David
2355 4558 2514 4612 dicit:
2538 4555 2730 4628 Ulqttid
2747 4557 2965 4627 diligitis
2987 4559 3270 4614 vanitatem
3282 4569 3336 4612 et
3348 4557 3580 4630 queritis
3602 4571 3757 4612 aren-

443 4650 450 4663 '
489 4651 616 4720 quia
643 4652 974 4722 corruptibile
995 4669 1184 4724 corpus
1212 4667 1462 4726 aggravat
1482 4659 1736 4724 animam,
1753 4668 1802 4713 et
1823 4659 2023 4730 deprim

2175 4647 2378 4704 dacitnn
2391 4651 2418 4704 1’
2435 4649 2604 4722 (Psal.
2638 4651 2736 4720 tv.)
2766 4651 2880 4704 Non
2905 4645 3304 4720 sponte'atltem
3321 4651 3454 4706 dicit
3476 4640 3601 4704 esse
3620 4651 3755 4706 silli-

441 4743 468 4755 "
491 4743 697 4800 terrena
721 4745 974 4799 habitatio
1001 4761 1210 4800 sensum
1237 4745 1405 4802 multa
1434 4749 1744 4819 cogitantem
1773 4748 1924 4821 (Sap.
1953 4748 2064 4822 Ix);
2142 4739 2390 4809 ’ἕοϐιίιῐηυ
2412 4742 2638 4796 vanitati
2676 4749 2982 4798 creaturam
3010 4752 3041 4807 .'
3075 4743 3354 4823 quoniam
3389 4743 3623 4813 ptemhs
3661 4751 3751 4796 est

443 4846 448 4854 ‘
489 4844 546 4890 et
566 4835 706 4890 idem
730 4834 965 4891 Paulus:
995 4835 1130 4890 Dum
1147 4837 1486 4893 enim‘sumus
1507 4840 1563 4894 in
1583 4850 1818 4910 corpore,
1836 4840 2066 4912 peregri-
2139 4858 2145 4866 ·
2171 4833 2274 4887 ista
2332 4832 2614 4902 subiectio.
2655 4833 2772 4888 Non
2791 4851 2798 4876 ε
2819 4834 2966 4887 enim
2997 4833 3174 4889 Mmo’
3201 4835 3350 4893 sicut
3381 4843 3578 4902 We
3599 4837 3752 4901 Ἰ)εὲ-

443 4925 449 4947 ¹
491 4939 684 4979 namur
711 4917 996 4980 a'Domino
1017 4941 1038 4981 :
1067 4934 1124 4980 et
1147 4927 1296 4996 cupit
1323 4927 1496 4998 magis
1521 4929 1853 4998 peregrinari
1881 4946 1912 4984 a
1942 4940 2066 4983 cor-
2136 4931 2142 4950 '
2170 4926 2340 4990 cavit,
2373 4925 2456 4980 sic
2501 4925 2669 4981 etiam
2695 4931 2890 4994 sponte
2909 4925 3208 4980 damnatus
3236 4933 3330 4978 est
3355 4941 3369 4977 :
3415 4936 3536 4992 qua:
3558 4915 3747 4976 tamen

451 5041 457 5047 -
487 5023 644 5086 pore,
677 5020 732 5072 et
759 5016 951 5073 adesse
979 5018 1048 5072 ad
1078 5015 1388 5073 Dominum.
1421 5017 1534 5074 ilo‘c
1571 5021 1773 5076 indicat
1804 5027 1860 5075 et
1885 5021 2064 5077 multo
2134 5012 2140 5020 ’
2167 5017 2442 5073 damnatio
2469 5023 2576 5072 nan
2614 5017 2730 5072 sine
2771 5028 2866 5086 spe
2896 5017 3256 5086 repsrationis
3283 5016 3520 5085 irrogata
3539 5023 3752 5068 estus-

448 5119 453 5130 ‘
491 5103 732 5178 apertius
759 5109 980 5184 exponit
999 5109 1162 5164 etiam
1185 5106 1238 5164 in
1261 5122 1328 5166 eo
1347 5111 1470 5166 loco
1493 5112 1586 5166 ubi
1606 5111 1736 5166 dicit
1766 5113 1786 5165 ':
1815 5109 2067 5168 Coarctor
2165 5117 2302 5164 tum
2325 5107 2625 5164 nostrauEt
2651 5108 2792 5172 ideo,
2811 5102 3748 5178 Proptereum,iuquit,quisuijeit

494 5205 666 5251 autem
692 5213 756 5253 ex
782 5183 985 5254 duobus
1010 5209 1029 5251 :
1055 5199 1371 5256 desiderium
1405 5200 1600 5256 habens
1636 5204 1820 5258 reverti
1836 5244 1850 5270 ,
1873 5209 2065 5257 etcum
2165 5217 2282 5256 eam
2299 5203 2360 5256 in
2384 5216 2492 5272 spe,
2509 5202 2632 5274 quia
2659 5211 2706 5255 et
2728 5201 2844 5270 ipsa
2863 5205 3104 5256 creatura
3120 5183 3430 5254 (obnubitur
3445 5198 3747 5251 a'senitstte

443 5299 465 5314 ··
494 5289 702 5344 Christo
739 5303 877 5359 esse,
911 5291 1075 5348 multo
1119 5295 1254 5349 enim
1303 5291 1488 5350 melius
1515 5305 1856 5366 :permanere
1892 5305 2066 5352 autem
2131 5303 2138 5313 ‘
2165 5296 2409 5350 interitus
2437 5296 2493 5348 in
2521 5293 2811 5348 libertatein
2839 5293 3024 5364 gloria:
3052 5293 3285 5361 ﬁtiorum
3307 5291 3441 5354 Dei;
3465 5291 3526 5346 id
3547 5298 3654 5352 est,
3687 5299 3748 5343 ιι

493 5380 664 5452 magis
685 5383 1030 5437 necessarium
1056 5397 1264 5456 prapter
1282 5403 1369 5441 vos
1390 5385 1556 5459 (Phil.
1577 5387 1640 5460 r).
1665 5387 1724 5441 ln
1749 5403 1857 5458 quo
1883 5396 2069 5458 aperte
2153 5392 2230 5440 τοι
2259 5399 2374 5454 ipsa
2399 5377 2682 5456 perveniat
2724 5385 2792 5440 ad
2817 5378 3129 5439 libertatem
3161 5382 3346 5453 gloriae
3374 5373 3616 5438 “ﬁliorum
3653 5373 3742 5434 Dei

489 5473 730 5528 ostendit
771 5475 914 5542 quod
960 5489 1070 5530 non
1115 5473 1302 5530 volens
1320 5491 1344 5543 ,·
1366 5483 1632 5546 quantum
1675 5477 1740 5531 ad
1770 5481 1835 5532 ea
1863 5483 2072 5548 speetat
2159 5487 2270 5548 per
2304 5476 2465 5530 iidem
2503 5492 2517 5529 :
2549 5487 2672 5544 quat
2699 5475 2834 5530 tides
2869 5480 2992 5529 cum
3023 5476 3078 5529 in
3101 5489 3168 5530 ea
3189 5487 3304 5529 non
3326 5481 3470 5539 erat,
3503 5480 3742 5527 tantum-

493 5574 616 5633 quaa
639 5563 834 5618 anima:
870 5575 982 5618 sum
1013 5563 1263 5619 conscius
1292 5575 1428 5631 erat,
1460 5565 1792 5636 corruptioni
1820 5567 1947 5623 huic
1973 5581 2070 5624 va-

2166 5567 2332 5629 modo
2360 5574 2609 5622 creatura
2633 5565 3036 5622 dicebaturrlit
3057 5565 3126 5621 ad
3149 5564 3320 5635 ipsam
3338 5562 3574 5630 referes,
3589 5561 3742 5633 quod

497 5652 761 5722 nitatique
785 5653 1049 5716 serviret;
1081 5653 1176 5708 sed
1195 5661 1415 5724 propter
1439 5668 1586 5721 eum,
1613 5656 1711 5726 'qui
1738 5656 1854 5712 haec
1881 5658 1954 5712 ita
1973 5672 2068 5714 vo-

2167 5658 2490 5728 sequitura
2611 5669 2636 5696 ιε
2877 5669 2942 5700 -'
3013 5675 3161 5707 .~~
3467 5667 3698 5692 -

445 5756 450 5765 ·
500 5742 616 5807 luit,
639 5750 693 5796 et
715 5749 938 5813 propter
953 5755 1077 5808 nos,
1099 5752 1159 5798 ut
1179 5742 1310 5799 salvi
1331 5746 1758 5815 esse‘possimust
1781 5735 2068 5804 Permanet
2237 5749 2452 5804 Scimus
2492 5750 2627 5802 enim
2656 5748 2795 5819 quia
2837 5751 3084 5804 malum
3107 5737 3458 5819 nongentis»
3491 5745 3741 5801 uideret
