4000 6398
272 367 415 443 14⁵1⁷

837 363 1381 439 ENARRATIONUM
1418 363 1485 423 IN
1524 360 2079 449 EPP..PAULI.:LIB.
2122 360 2186 419 γ.
2220 391 2294 402 -
2330 361 2396 417 ΙΝ
2437 359 2650 417 EPIST.
2691 360 2781 413 AD
2821 358 2983 414 ROM.

3395 360 3531 415 MSS

253 470 441 556 'nsque
468 482 659 553 adhuc.
686 481 854 543 Erant
884 483 1025 539 enim
1063 480 1233 536 adhuc
1268 479 1523 547 credituri
1558 479 1649 550 qui
1688 481 1851 536 etiam
1866 483 1930 559 ,Α
1955 484 2210 543 operante
2248 474 2453 555 pictore
2490 474 2745 544 subjectis
2781 472 2882 527 sibi
2913 471 3182 526 coloribus
3210 481 3264 525 ct
3301 472 3367 525 ad
3399 487 3534 542 opus

252 574 471 647 fspiritu
502 575 853 651 subjacebant
882 571 1165 650 laboriosis
1188 571 1482 629 erroribus.
1508 568 1613 626 Sed
1636 585 1704 626 ne
1732 569 1854 640 quis

273 675 503 737 putaret.
547 666 615 722 de
660 666 899 739 ipsorum
942 663 1124 719 labore
1172 669 1381 716 tantum
1433 660 1639 717 dictum
1694 674 1851 726 esse,

274 756 554 828 subiungit
583 757 746 825 etiam
775 758 841 811 de
877 756 962 811 his
987 754 1079 825 qui
1110 751 1223 823 jam
1262 753 1619 808 crediderant.
1669 750 1851 817 Quan—

276 868 442 922 quam
468 834 610 906 enim
635 850 846 921 spiritu,
872 849 973 904 hoc
992 856 1095 910 est,
1122 855 1301 901 mente
1323 844 1589 899 servirent
1608 842 1707 912 legi
1737 841 1851 907 Dei,

277 948 457 996 tamen
499 940 623 1010 quia
653 954 817 993 carne
846 937 1081 992 servitur
1110 935 1210 1007 legi
1236 934 1437 1003 peccati
1466 976 1478 997 ,
1511 932 1745 1003 quandiu
1796 932 1852 986 in

274 1029 381 1084 hac
414 1029 523 1083 vita
565 1026 837 1085 molestias
871 1034 927 1081 et
955 1025 1340 1080 sollicitudines
1380 1024 1724 1079 mortalitatis
1757 1039 1855 1079 no-

275 1125 404 1171 stra:
429 1116 680 1191 patimur.
702 1117 822 1171 ideo
850 1116 1072 1181 addidit,
1093 1115 1277 1175 dicens
1303 1131 1315 1167 :
1343 1113 1467 1169 Non
1487 1113 1655 1168 solum
1678 1124 1853 1167 autem

274 1209 394 1278 ipsi,
418 1207 509 1263 sed
541 1217 588 1262 et
623 1224 716 1265 nos
752 1207 1010 1279 primitias
1048 1206 1262 1276 spiritus
1301 1205 1565 1268 habentes,
1589 1214 1637 1258 et
1664 1205 1763 1274 ipsi
1798 1203 1853 1259 in

275 1297 425 1353 nobis
464 1297 849 1368 ingemiscintus
889 1296 1216 1366 adaptionem
1242 1304 1619 1364 exspectantes,
1658 1295 1856 1350 redem-

271 1389 502 1457 ptionem
550 1390 783 1457 corporis
838 1388 1022 1442 nostri.
1067 1387 1192 1442 Haec
1242 1386 1384 1441 enim
1436 1387 1682 1457 adoptio,
1735 1400 1855 1457 quae

266 1477 382 1547 jam
424 1476 563 1532 facta
610 1487 694 1534 est
744 1479 821 1533 in-
852 1479 937 1533 his
968 1478 1060 1547 qui
1106 1479 1472 1545 crediderunt,
1521 1480 1708 1548 spiritu
1746 1495 1853 1534 non

272 1584 502 1639 corpore
540 1569 681 1625 facta
727 1578 840 1636 est;
878 1571 1111 1626 nondum
1155 1570 1297 1625 enim
1339 1571 1501 1625 etiam
1535 1587 1730 1640 corpus
1764 1586 1853 1627 re-

273 1660 566 1716 formatum
588 1669 670 1717 est
696 1662 748 1716 in
770 1664 1043 1716 cmlestem
1074 1661 1217 1715 illam
1245 1661 1688 1727 immutationem,
1717 1663 1857 1718 sicut

272 1750 499 1821 Spiritus
545 1749 655 1819 jam
697 1746 933 1806 mutatus
995 1760 1078 1806 cst
1122 1752 1557 1806 reconciliatione
1604 1751 1725 1807 ﬁdei
1788 1754 1854 1807 ab

1955 563 2069 633 ejus
2101 572 2342 634 paratus,
2386 564 2717 635 exspectatio
2764 562 3003 617 colorum
3046 561 3534 617 manifestatiouem

1956 655 2206 726 imaginis
2234 663 2529 724 exspectat.
2564 653 2680 709 Non
2705 652 2828 723 quia
2856 660 2986 706 tunc
3010 652 3098 706 alii
3122 661 3279 706 erunt
3304 661 3399 708 aut
3422 668 3531 707 non

1955 745 2163 800 colores
2194 754 2372 807 erunt,
2402 746 2494 799 sed
2519 753 2721 799 tantum
2747 744 2890 813 quod
2916 743 3076 797 aliam
3101 743 3417 812 dignitatem
3442 743 3535 798 ba-

1953 835 2176 890 bebunt.
2219 832 2454 888 Vanitati
2485 835 2642 899 enim,
2680 835 2869 904 inquit,
2903 841 3147 887 creatura
3180 832 3414 903 subjecta
3459 846 3537 891 est

1957 925 2179 998 (Eccles.
2206 924 2266 996 I).
2294 924 2407 980 Hoc
2428 934 2510 979 est
2530 924 2657 979 illud
2688 943 2700 979 :
2733 923 2952 979 Vanitas
2974 925 3264 980 vanitatum
3287 935 3335 981 et
3360 926 3536 980 omnia

1954 1015 2176 1069 vanitas.
2202 1012 2332 1080 Quae
2358 1013 2682 1067 abundantia
2709 1014 2913 1068 homini
2945 1014 3001 1069 in
3023 1015 3168 1070 omni
3186 1014 3380 1070 labore
3414 1030 3534 1080 suo,

1954 1120 2112 1177 quem
2148 1105 2262 1174 ipse
2297 1105 2507 1159 laborat
2533 1105 2632 1159 sub
2666 1105 2814 1161 sole?
2841 1105 2927 1160 cui
2959 1106 3161 1160 dictum
3192 1115 3275 1161 est
3310 1125 3322 1160 :
3355 1105 3421 1160 In
3456 1105 3537 1160 la-

1956 1196 2075 1249 bore
2127 1196 2464 1250 manducabis
2513 1213 2698 1266 panem
2758 1194 2908 1269 (Gen.
2960 1197 3067 1267 ιιι).
3125 1197 3356 1253 Vanitati
3406 1214 3536 1273 ergo

1965 1298 2206 1342 creatura
2247 1290 2479 1360 subjecta
2500 1301 2576 1344 est
2613 1308 2714 1345 non
2752 1302 2952 1361 sponte.
2985 1292 3128 1347 Bene
3158 1294 3397 1349 additum
3430 1306 3534 1363 est,

1956 1399 2057 1436 non
2097 1394 2295 1452 sponte.
2332 1382 2503 1438 llomo
2545 1384 2739 1453 quippe
2778 1394 2968 1454 sponte
3001 1385 3266 1453 peccavit,
3305 1386 3397 1441 sed
3429 1402 3536 1441 non

1956 1484 2144 1543 sponte
2186 1475 2468 1530 danmatus
2496 1484 2597 1530 est.
2636 1476 2919 1531 Peccatum
2957 1478 3140 1547 itaque
3177 1476 3278 1531 fuit
3314 1488 3539 1548 sponta-

1956 1580 2115 1619 neum
2162 1574 2350 1620 contra
2391 1575 2713 1637 praeceptum
2767 1566 2946 1622 facere
3000 1568 3287 1634 veritatis;
3333 1569 3539 1639 peccati

1957 1663 2135 1709 autem
2175 1670 2332 1724 pana
2368 1655 2556 1723 subjici
2593 1656 2833 1712 fallacias.
2869 1657 2985 1712 Non
3019 1673 3148 1728 ergo
3173 1668 3363 1728 sponte
3389 1675 3540 1714 crea-

1958 1754 2077 1800 tura
2106 1748 2330 1801 vanitati
2372 1749 2611 1819 subjecta
2663 1758 2765 1815 est,
2791 1750 2882 1803 sed
2909 1760 3119 1821 propter
3147 1767 3264 1804 eum
3296 1751 3384 1821 qui
3422 1752 3542 1805 sub-

272 1840 549 1896 erroribus
608 1855 900 1896 conversus
952 1841 1020 1895 ad
1061 1842 1250 1896 Deum.
1295 1841 1436 1911 Ergo
1476 1843 1637 1898 etiam
1686 1845 1740 1897 in
1766 1844 1849 1899 bis
1878 1832 1923 1895 B
1942 1841 2075 1910 jecit
2100 1857 2213 1916 eam
2236 1843 2291 1895 in
2320 1858 2441 1912 spe,
2471 1842 2520 1895 id
2552 1851 2664 1908 est,
2697 1854 2914 1913 propter
2941 1840 3057 1911 ejus
3079 1841 3347 1910 justitiam
3380 1853 3542 1913 atque

270 1933 364 2003 qui
408 1933 773 1998 crediderunt,
803 1940 1149 2003 exspectatur
1167 1934 1342 1989 adhuc
1362 1934 1449 1988 illa
1493 1934 1853 1991 manifestatio

271 2038 391 2093 quae
420 2025 476 2078 in
502 2023 744 2093 corporis
774 2023 1167 2080 resurrectione
1194 2024 1472 2095 proveniet
1501 2042 1513 2077 :
1547 2041 1666 2095 qua:
1688 2026 1855 2095 perti-

272 2122 367 2171 net
401 2114 468 2168 ad
508 2123 763 2185 quartum
792 2114 939 2170 illum
966 2116 1213 2186 gradum,
1249 2117 1337 2173 ubi
1378 2133 1446 2172 ex
1476 2124 1588 2173 toto
1614 2118 1853 2187 perfecta

267 2218 376 2274 pax
402 2204 529 2270 erit,
555 2212 611 2259 et
630 2204 783 2274 quies
805 2211 1032 2271 aeterna,
1054 2205 1201 2260 nulla
1230 2206 1385 2262 nobis
1409 2222 1475 2261 ex
1497 2207 1673 2278 aliqua
1696 2218 1854 2279 parte

268 2296 619 2367 corruptione
642 2297 930 2354 resistente
953 2306 1045 2354 aut
1073 2298 1401 2355 sollicitante
1424 2301 1691 2356 molestia.
1720 2301 1853 2357 Illud

267 2389 417 2443 enim
474 2391 617 2460 quod
663 2391 987 2461 promiserat
1029 2409 1042 2446 :
1091 2392 1350 2448 Existimo
1397 2394 1536 2465 quod
1583 2412 1686 2449 non
1733 2405 1855 2451 sunt

267 2480 544 2553 condigna:
578 2484 845 2553 passiones
870 2484 939 2539 ad
967 2484 1200 2555 futuram
1234 2485 1480 2557 gloriam,
1512 2504 1629 2559 qua:
1664 2488 1856 2543 revela-

268 2572 413 2626 bitur
439 2574 494 2627 in
524 2573 692 2638 nobis,
731 2574 805 2630 ita
852 2590 960 2630 non
1001 2576 1232 2631 absurde
1261 2576 1595 2649 intelligitur.
1634 2578 1855 2636 Dixerat

266 2663 415 2719 enim
452 2665 699 2733 superius
727 2682 742 2718 :
776 2663 837 2720 Si
866 2675 1040 2720 autem
1077 2667 1262 2736 spiritu
1290 2668 1431 2737 facta
1463 2671 1636 2725 carnis
1670 2664 1852 2727 morti-

262 2751 550 2821 licaveritis
575 2769 595 2808 :
630 2754 770 2824 quod
800 2756 913 2811 ﬁeri
944 2771 1048 2811 non
1091 2764 1270 2826 potest
1311 2758 1430 2813 sine
1474 2761 1743 2828 molestia,
1767 2763 1852 2818 cui

262 2844 529 2913 patientia
557 2845 861 2900 necessaria
892 2855 1006 2911 est;
1036 2861 1144 2916 quo
1175 2848 1413 2917 pertinet
1442 2858 1495 2904 et
1529 2851 1670 2919 quod
1695 2844 1855 2922 paulo

263 2944 399 2989 ante
422 2936 497 2990 ait
526 2953 539 2988 :
574 2934 635 2991 Si
658 2947 830 2991 tamen
866 2939 1267 3008 compatiamur,
1298 2949 1355 2994 ut
1393 2950 1442 2994 et
1477 2940 1852 3011 gloriﬁcemur.

260 3024 425 3091 Quod
462 3024 640 3094 itaque
666 3027 776 3080 ait:
799 3026 941 3082 Nunt
965 3028 1280 3097 exspectatio
1312 3039 1568 3084 creaturte
1595 3031 1857 3086 revelatio-

258 3132 389 3169 nem
427 3115 659 3184 ﬁliorum
705 3116 802 3172 Dei
846 3130 1128 3185 exspectat,
1172 3120 1276 3175 hoc
1321 3136 1442 3191 eum
1482 3132 1612 3191 puto
1640 3124 1851 3179 dicere:

255 3178 508 3259 Nam-et
547 3208 646 3260 hoc
689 3207 861 3278 ipsum
904 3178 1127 3278 quodin
1170 3210 1326 3266 nobis
1350 3178 1513 3276 dolet,
1552 3227 1674 3268 cum
1716 3213 1856 3269 facta
1883 3196 1928 3258 C

252 3296 453 3351 carnis
483 3298 889 3363 mortificamus,
936 3301 990 3357 id
1030 3310 1133 3368 est,
1174 3318 1297 3357 cum
1334 3290 1603 3360 esurimus
1634 3305 1717 3360 vel
1743 3306 1859 3361 siti-

259 3401 393 3441 mus
431 3386 514 3440 vel
552 3402 648 3457 per
681 3390 1101 3457 abstinentiam;
1141 3393 1269 3446 dum
1309 3393 1586 3449 frenamus
1626 3396 1855 3453 delecta-

262 3479 472 3533 tionem
494 3481 813 3537 concubitus
833 3497 931 3551 per
948 3484 1280 3549 castitatem;
1308 3484 1432 3539 dum
1455 3485 1770 3554 iniuriarum
1789 3490 1858 3544 la-

267 3569 598 3634 cerationes,
632 3580 686 3627 et
708 3572 1151 3628 contumeliarum
1184 3573 1409 3649 aculeos
1424 3590 1521 3644 per
1540 3577 1856 3646 patientiam

268 3661 634 3728 sustinemus;
662 3662 789 3719 dum
810 3663 1068 3735 neglectis
1091 3672 1253 3734 atque
1280 3662 1469 3734 ejectis
1493 3667 1857 3739 voluptatibus

268 3752 470 3807 nostris
504 3767 603 3823 pro
633 3751 811 3809 fructu
834 3755 1026 3812 matris
1050 3755 1304 3811 Ecclesiae
1326 3756 1635 3814 laboramus
1660 3777 1674 3813 :
1704 3762 1861 3830 quid-

269 3844 401 3915 quid
427 3844 481 3898 in
505 3845 661 3903 nobis
686 3847 740 3901 in
763 3847 866 3902 hac
880 3856 1043 3917 atque
1064 3848 1371 3919 hujusmodi
1392 3850 1670 3908 attritione
1692 3854 1855 3921 dolet,

270 3943 521 3992 creatura
545 3945 647 3991 est.
672 3937 831 3993 Dolet
851 3938 995 3993 enim
1016 3954 1216 4010 corpus
1234 3948 1289 3995 et
1310 3941 1511 4007 anima,
1533 3959 1655 4013 quae
1672 3945 1858 4016 utique

269 4037 520 4099 creatura
547 4038 651 4096 est,
683 4040 737 4086 et
756 4042 1036 4103 exspectat
1065 4034 1446 4090 revelationem
1476 4035 1709 4093 ﬁliorum
1730 4041 1853 4107 Dei,

270 4121 326 4176 id
354 4129 456 4187 est,
492 4133 791 4195 exspectat,
824 4127 1043 4197 quando
1082 4137 1376 4199 appareat,
1415 4132 1558 4201 quod
1604 4141 1857 4189 vocatum

270 4224 355 4274 est
383 4217 434 4272 in
473 4233 536 4274 ea
562 4219 733 4290 gloria
756 4261 769 4285 ,
805 4221 873 4276 ad
902 4238 1062 4293 quam
1103 4232 1356 4279 vocatum
1390 4233 1493 4281 est.
1541 4224 1675 4294 Quia
1710 4227 1856 4282 enim

272 4308 439 4363 Filius
468 4307 563 4364 Dei
601 4311 907 4382 unigenitus
943 4329 1052 4369 non
1088 4322 1265 4384 potest
1292 4317 1551 4387 appellari
1582 4327 1854 4383 creatura,

272 4400 707 4469 quandoquidem
731 4417 828 4471 per
849 4404 1020 4473 ipsum
1044 4403 1185 4462 facta
1217 4417 1343 4462 sunt
1365 4410 1569 4469 omnia,
1597 4424 1856 4478 quaecun-

274 4504 380 4558 que
403 4488 545 4547 Deus
566 4488 711 4554 fecit,
736 4492 989 4548 distincte
1011 4496 1175 4550 etiam
1200 4510 1298 4550 nos
1326 4512 1584 4553 vocamur
1604 4509 1854 4556 creatura

274 4587 398 4639 ante
436 4578 579 4653 illam
607 4580 932 4639 evidentiam
965 4584 1150 4654 gloriae
1175 4626 1191 4650 ,
1229 4595 1285 4641 et
1311 4587 1563 4643 distincte
1598 4600 1857 4647 vocamur

276 4670 368 4727 ﬁlii
395 4671 511 4739 Dei,
532 4676 777 4744 quamvis
800 4678 903 4732 hoc
925 4679 1210 4749 adoptione
1229 4695 1535 4737 mereamur
1561 4702 1575 4737 :
1605 4699 1728 4739 nam
1762 4685 1854 4741 ille

275 4764 581 4832 unigenitus
610 4774 803 4823 natura
845 4768 987 4826 ﬁlius
1044 4781 1146 4827 est.
1184 4772 1326 4844 Ergo
1368 4776 1681 4844 exspectatio
1706 4793 1856 4833 crea-

277 4866 433 4923 turtr,
456 4858 509 4915 id
530 4868 633 4926 est,
654 4865 989 4933 exspectatio
1014 4875 1197 4921 nostra
1228 4866 1584 4923 revelationem
1618 4868 1853 4938 ﬁliorum

274 4947 372 5005 Dei
399 4960 676 5020 exspectat,
700 4951 754 5006 id
782 4964 885 5018 est.
900 4964 1179 5025 exspectat
1196 4957 1412 5027 quando
1425 4967 1684 5028 appareat
1710 4961 1854 5029 quod

277 5043 597 5111 promissum
625 5051 742 5110 est,
768 5047 984 5115 quando
1014 5047 1191 5118 reipsa
1221 5049 1567 5105 manifestum
1608 5052 1681 5109 sit
1713 5051 1858 5121 quod

280 5149 417 5189 nunc
432 5150 526 5205 spe
550 5151 754 5193 sumus.
780 5136 912 5192 Filii
937 5139 1075 5194 enim
1093 5138 1191 5195 Dei
1210 5156 1423 5206 sumus;
1446 5152 1495 5197 et
1517 5143 1749 5198 nondum
1765 5162 1857 5215 ap-

281 5225 455 5294 paruit
470 5227 597 5296 quid
635 5229 849 5286 erimus.
885 5228 1093 5285 Scimus
1120 5233 1367 5303 quoniam
1389 5249 1510 5287 cum
1532 5237 1857 5305 apparuerit,

282 5314 471 5369 similes
497 5319 545 5375 ei
582 5322 814 5385 erimus;
848 5324 1096 5394 quoniam
1134 5324 1418 5383 videbimus
1447 5342 1566 5383 eum
1597 5327 1753 5381 sicuti
1780 5338 1856 5384 est

287 5402 355 5475 (1.
385 5401 544 5463 Joan.
576 5408 680 5480 tu).
708 5410 826 5482 Ipsa
859 5421 943 5469 est
972 5414 1230 5470 revelatio
1262 5414 1495 5471 ﬁliorum
1528 5416 1656 5482 Dei,
1690 5433 1854 5487 quam

287 5511 423 5553 nunc
444 5509 723 5570 exspectat
739 5506 1072 5574 exspectatio
1084 5515 1372 5563 creaturae:
1402 5523 1509 5563 non
1539 5509 1683 5578 quod
1703 5525 1857 5566 crea-

290 5594 401 5641 tura
455 5589 834 5649 revelatiouem
880 5605 1160 5667 exspectat
1197 5597 1422 5654 alterius
1468 5607 1694 5664 naturae,
1734 5616 1856 5670 qua:

291 5692 389 5730 non
416 5677 483 5731 sit
506 5689 787 5746 creatura;
816 5684 908 5738 sed
938 5684 1053 5753 ipsa
1078 5688 1253 5756 qualis
1283 5703 1426 5744 nunc
1451 5696 1534 5744 est
1554 5698 1854 5758 exspectat,

290 5767 493 5838 quantlo
522 5769 612 5839 sit,
650 5771 827 5841 qualis
864 5771 1047 5831 futura
1069 5786 1152 5831 est
1179 5793 1191 5831 :
1223 5785 1480 5850 tanquam
1513 5777 1559 5834 si
1584 5777 1858 5836 diceretur

1880 4548 1932 4608 D

1955 1934 2315 1999 clementiam,
2364 1936 2455 2005 qui
2504 1951 2679 2004 neque
2726 1935 3047 2006 impunitum
3087 1944 3371 2005 peccatum
3410 1934 3541 1990 reli-

1954 2028 2109 2096 quit,
2144 2042 2242 2082 nec
2276 2027 2629 2082 insanabilem
2660 2027 2829 2083 voluit
2864 2041 2984 2082 esse
3021 2036 3376 2097 peccantem;
3407 2027 3535 2096 quia

1955 2129 2010 2175 et
2038 2121 2149 2190 ipsa
2183 2131 2448 2183 creatura,
2477 2120 2531 2174 id
2554 2128 2667 2185 est,
2703 2120 2814 2188 ipse
2847 2119 3039 2183 homo,
3067 2133 3189 2174 cum
3215 2118 3540 2189 jam.signa-

1954 2211 2078 2266 culo
2119 2208 2370 2280 imaginis
2409 2217 2630 2279 propter
2671 2216 2953 2278 peccatum
2996 2208 3234 2274 amisso,
3280 2209 3543 2264 remansit

1956 2302 2331 2358 tantummodo
2359 2311 2634 2366 creatura,
2659 2301 2712 2357 id
2742 2312 2845 2367 est,
2876 2303 2991 2372 ipsa
3026 2316 3147 2371 quae
3182 2301 3419 2355 nondum
3448 2315 3543 2356 νο-
3626 2283 3640 2297 ’

1955 2404 2109 2449 catur
2152 2393 2381 2448 ﬁliorum
2425 2392 2596 2447 forma
2644 2391 2881 2461 perfecta
2906 2433 2919 2456 ,
2956 2392 3052 2447 sed
3081 2400 3287 2447 tantum
3316 2399 3545 2446 vocatur

1955 2496 2225 2553 creatura,
2259 2487 2576 2543 liberabitur
2601 2501 2630 2540 a
2659 2487 2919 2541 servitute
2958 2485 3228 2541 interitus.
3263 2484 3417 2552 Quod
3442 2484 3544 2539 ita-

1954 2596 2058 2651 que
2084 2581 2188 2643 ait,
2233 2590 2280 2634 et
2311 2582 2423 2649 ipsa
2466 2578 2804 2642 liberabitur,
2843 2575 2971 2632 facit
3016 2576 3242 2647 intelligi
3269 2616 3284 2641 ,
3331 2582 3386 2630 et
3426 2575 3546 2645 ipsa

1955 2671 2405 2742 quemadmodum
2445 2686 2564 2736 nos,
2606 2670 2658 2724 id
2691 2677 2812 2734 est,
2852 2676 2909 2723 et.
2940 2668 3005 2723 de
3034 2668 3164 2738 ipsis
3194 2683 3300 2723 non
3335 2674 3417 2725 est
3452 2667 3549 2724 de-

1956 2764 2311 2834 sperandum,
2357 2764 2448 2834 qui
2493 2763 2728 2818 nondum
2774 2746 3177 2817 vocanturtilii
3231 2761 3370 2828 Dei,
3417 2760 3544 2832 quia

1956 2854 2192 2909 nondum
2228 2854 2592 2919 crediderunt,
2633 2854 2725 2909 sed
2760 2862 2968 2909 tantum
3015 2863 3284 2920 creatura,
3326 2854 3453 2924 quia
3490 2860 3547 2908 et

1958 2930 2059 3015 ipsi
2094 2946 2350 3001 credituri
2382 2954 2525 3011 sunt,
2558 2953 2611 3000 et
2637 2945 3012 3001 liberabuntur
3039 2962 3071 3002 a
3106 2948 3367 3002 servitute
3406 2946 3545 3007 inte-

1957 3037 2096 3091 ritus
2137 3036 2588 3106 quemadmodum
2628 3052 2746 3102 nos,
2788 3038 2881 3106 qui
2920 3037 3032 3108 jam
3054 3036 3169 3111 ﬁlii
3201 3036 3300 3092 Dei
3338 3052 3544 3102 sumus,

1957 3128 2190 3199 quamvis
2221 3128 2451 3182 nondum
2483 3128 2783 3198 apparuerit
2812 3128 2938 3198 quid
2961 3130 3174 3183 erimus.
3206 3127 3548 3183 Liberabitur

1959 3236 2088 3293 ergo
2110 3236 2142 3274 a
2171 3221 2431 3275 servitute
2452 3220 2700 3275 interitus
2725 3220 2780 3274 in
2801 3219 3086 3275 libertatem
3114 3219 3294 3291 gloria:
3311 3218 3545 3289 filiorum

1958 3311 2079 3379 Dei,
2108 3312 2162 3367 id
2181 3320 2285 3376 est,
2314 3319 2475 3367 erunt
2503 3319 2558 3365 et
2586 3311 2687 3382 ipsi
2715 3326 2783 3365 ex
2811 3311 2984 3366 servis
3020 3311 3195 3375 liberi,
3231 3318 3287 3366 et
3309 3325 3377 3366 ex
3402 3325 3546 3365 mor-

1959 3404 2066 3456 tuis
2104 3402 2320 3470 gloriosi
2359 3402 2412 3456 iu
2459 3402 2566 3456 vita
2612 3400 2884 3471 perfecta,
2932 3418 3094 3472 quam
3140 3401 3417 3457 habebunt
3450 3400 3547 3455 lilii

1960 3493 2074 3545 Dei.
2101 3491 2297 3562 (0rig.)
2328 3491 2435 3545 Sed
2460 3492 2526 3546 ab
2548 3492 2650 3555 his,
2681 3491 2727 3545 si
2746 3492 2982 3556 videtur,
3014 3492 3273 3561 exemplis
3294 3492 3455 3547 etiam
3477 3491 3547 3547 ad

1961 3582 2239 3651 superiora
2287 3580 2610 3645 conscende,
2654 3590 2710 3635 et
2742 3581 2867 3635 vide
2907 3583 3076 3650 ipsius
3120 3583 3280 3647 solis,
3320 3592 3376 3637 et
3406 3583 3547 3638 lunae

1960 3688 2025 3728 ac
2064 3672 2341 3727 stellarum
2373 3671 2517 3735 cteli,
2541 3684 2596 3726 et
2636 3672 2801 3726 totius
2827 3672 3009 3727 mundi
3049 3672 3369 3738 ministeria,
3410 3688 3546 3741 quo-

1960 3764 2121 3820 modo
2152 3762 2393 3832 subjecta
2435 3769 2560 3817 sunt
2592 3762 2854 3828 vanitati,
2883 3763 3324 3833 corruptionique
3362 3762 3548 3818 deser-

1959 3853 2134 3908 viunt.
2154 3851 2231 3906 Ad
2259 3867 2389 3907 usus
2404 3867 2638 3921 namque
2663 3852 2942 3907 hominum
2960 3852 3110 3907 alunt
3137 3861 3369 3923 segetes,
3386 3853 3547 3909 arbo-

1959 3962 2079 4001 rum
2106 3945 2309 4000 fructus
2330 3946 2635 4015 producunt
2662 3946 2995 4014 herbamque
3019 3961 3354 4017 camporum,
3382 3954 3546 4016 atque

1959 4038 2176 4092 eosdem
2191 4037 2243 4090 in
2262 4050 2320 4092 se
2342 4043 2676 4091 revertentes
2698 4036 2823 4089 anni
2846 4035 3078 4091 circulos
3102 4037 3343 4093 volvunt.
3370 4038 3548 4110 Repa-

1960 4137 2082 4185 rant
2106 4130 2249 4184 enim
2281 4144 2399 4199 qua:
2423 4136 2774 4198 pnetereunt,
2800 4137 2854 4184 et
2872 4130 3152 4199 praeterire
3178 4146 3394 4185 rursum
3426 4147 3547 4202 qua:

1959 4229 2209 4290 reparata
2238 4228 2365 4275 sunt
2394 4219 2596 4275 sinunt.
2622 4217 2847 4288 (Amb.)
2875 4219 2930 4273 lu
2962 4218 3170 4274 Domini
3201 4227 3256 4274 et
3285 4220 3548 4278 creatoris

1957 4319 2223 4382 potestate
2248 4310 2421 4380 posita
2446 4319 2720 4377 creatura,
2745 4325 2851 4364 non
2873 4310 3062 4381 utique
3092 4319 3283 4381 sponte
3304 4311 3547 4381 subjecta

1956 4410 2040 4457 est
2067 4402 2291 4456 vanitati
2330 4420 2343 4455 :
2389 4418 2498 4457 non
2524 4402 2669 4458 enim
2710 4402 2953 4472 proderit
2988 4402 3088 4457 sibi
3126 4405 3268 4473 quod
3302 4403 3545 4472 subjecta

1958 4501 2065 4559 est,-
2088 4495 2183 4547 sed
2210 4492 2387 4548 nobis.
2418 4491 2558 4558 Quid
2580 4501 2665 4547 est
2684 4508 2836 4563 ergo,
2861 4494 2916 4547 in
2936 4510 3038 4563 quo
3065 4494 3284 4548 vanitati
3309 4495 3544 4565 subjecta

1958 4593 2053 4646 est,
2105 4583 2207 4636 nisi
2239 4582 2363 4652 quia
2401 4597 2520 4652 quae
2565 4594 2790 4653 generat
2834 4585 3038 4638 caduca
3078 4584 3237 4639 sunt?
3277 4583 3546 4652 Operatur

1960 4675 2105 4731 enim
2137 4682 2194 4728 ut
2235 4673 2443 4727 fructus
2477 4672 2641 4727 faciat
2664 4673 3075 4742 corruptibiles;
3111 4673 3386 4743 corruptio
3416 4688 3547 4744 ergo

1960 4774 2043 4823 est
2073 4767 2304 4821 vanitas.
2348 4765 2542 4819 Omnia
2576 4766 2723 4819 enim
2756 4780 2876 4834 qua:
2917 4773 3214 4820 nascuntur
3250 4764 3546 4819 inmundo

1962 4836 2198 4925 inﬁrm‘a,
2230 4860 2452 4924 caduca,
2493 4866 2548 4913 et
2582 4857 2981 4927 corruptibilis,
3023 4872 3086 4913 ac
3132 4872 3230 4927 per
3264 4857 3369 4912 hoc
3405 4869 3544 4911 vana

1962 4960 2105 5008 sunt.
2132 4951 2282 5006 Vana
2309 4960 2436 5006 sunt
2461 4950 2631 5016 enim,
2663 4951 2789 5020 quia
2814 4957 3015 5005 statum
3039 4966 3196 5004 suum
3226 4958 3408 5005 tenere
3438 4964 3546 5004 non

1959 5052 2200 5116 possunt.
2237 5042 2372 5098 Nam
2413 5051 2604 5098 cuncta
2642 5042 2943 5098 deformata
2976 5058 3073 5114 per
3100 5042 3304 5097 ﬂuxum
3334 5044 3547 5114 semper

1960 5134 2016 5189 in
2039 5150 2097 5189 se
2129 5134 2357 5189 redeunt
2382 5131 2603 5188 confusa
2627 5132 2683 5187 in
2707 5140 2978 5187 naturam.
2996 5131 3109 5186 Hoc
3134 5132 3265 5186 dicit
3293 5132 3358 5187 de
3384 5132 3468 5187 his
3490 5141 3542 5188 et

1963 5225 2216 5281 Salomon
2251 5225 2376 5294 quia
2410 5223 2591 5278 omnia
2623 5223 2739 5279 haec
2762 5221 3138 5293 vanitaerec
3170 5221 3441 5278 discordat
3474 5223 3544 5280 ab

1960 5316 2046 5373 his
2071 5315 2261 5381 David,
2287 5316 2472 5385 dicens
2502 5334 2514 5370 :
2558 5312 2921 5370 Verumtamen
2957 5315 3161 5369 vanitas
3196 5317 3364 5370 omnis
3389 5318 3543 5370 homo

1960 5408 2129 5462 vivens
2161 5404 2333 5480 (Psal.
2366 5406 2511 5477 cxv).
2552 5402 2877 5480 Mandt‘mare
2905 5406 3050 5460 enim
3072 5414 3127 5461 et
3157 5406 3340 5461 bibere
3370 5413 3425 5460 et
3456 5420 3544 5459 res

1960 5500 2145 5556 mundi
2182 5514 2375 5554 curare
2411 5513 2589 5553 nonne
2623 5498 2832 5552 vanitas
2859 5497 2979 5552 est?
3004 5496 3074 5552 Et
3112 5498 3332 5567 prodest
3361 5504 3540 5549 tamen

1960 5594 2076 5663 ipsa
2101 5592 2338 5658 vanitas;
2364 5591 2578 5662 prolicit
2604 5590 2750 5646 enim
2776 5592 3084 5648 hominibus
3112 5591 3322 5646 natisin
3341 5588 3543 5642 mundo

1958 5695 2021 5741 ut
2062 5700 2159 5755 per
2182 5685 2298 5740 haec
2336 5684 2392 5738 in
2432 5682 2751 5753 corporibus
2783 5682 3067 5739 exercitati
3096 5680 3308 5735 discant
3342 5683 3543 5747 myste-

1960 5778 2103 5836 rium
2130 5777 2409 5835 creatoris.
2442 5774 2525 5853 Ad
2554 5776 3014 5845 comparationem
3039 5772 3184 5830 enim
3212 5778 3540 5826 aeternorum
