4000 6398
438 292 579 349 “59

432 695 675 740 creatura
698 678 1004 737 liberabitur
1031 699 1063 735 α
1086 681 1328 734 servitute
1354 668 1698 747 corruptionis
1718 674 1773 731 in
1802 675 2014 729 liberta-

432 786 533 831 tem
570 774 751 847 gloria.-
784 773 1018 845 ﬁliorum
1057 754 1170 826 Dei.
1208 769 1469 838 Quoniam
1504 766 1878 823 contradicere
1905 782 2012 821 non

430 879 611 941 potest
634 876 884 924 creatura
902 863 1166 921 conditori
1188 879 1307 929 suo,
1332 864 1447 929 eius
1467 876 1629 917 causa
1644 859 1883 929 subjecta
1909 868 2013 926 est,

434 980 540 1020 non
570 962 687 1018 sine
711 976 826 1031 spe.
870 944 1043 1015 Habet
1074 957 1215 1012 enim
1245 956 1299 1010 in
1326 956 1509 1011 labore
1536 954 1713 1025 posita
1726 954 1844 1008 hoc
1868 952 2013 1008 sola-

434 1057 593 1121 tium,
635 1054 887 1126 quoniam
930 1034 1152 1129 habebit
1192 1050 1463 1119 requiem,
1518 1064 1638 1102 cum
1684 1036 2015 1101 crediderint

434 1163 642 1213 omnes,
658 1161 792 1217 quos
811 1143 1375 1223 scitDeuscrcdituros
1392 1161 1404 1196 :
1422 1156 1651 1212 quorum
1672 1139 1835 1195 etiam
1851 1153 2013 1193 causa

435 1241 680 1312 subjecit.
724 1222 926 1312 (Grca)
962 1222 1193 1295 Vanitati
1244 1238 1440 1308 quippe
1485 1243 1734 1291 creatura
1778 1248 1885 1288 non
1926 1247 2018 1285 vo-

434 1331 551 1387 lens
589 1333 863 1399 subditur,
902 1332 1026 1401 quia
1068 1332 1228 1386 bomo
1268 1328 1361 1399 qui
1411 1328 1659 1398 ingenitas
1700 1325 2016 1381 constantia:

434 1432 631 1477 statum
659 1423 846 1478 volens
871 1406 1125 1485 deseruit,
1155 1434 1373 1490 pressus
1399 1418 1501 1473 iste
1523 1417 1867 1472 mortalitatis
1890 1431 2019 1485 pon-

418 1518 580 1583 dere,
605 1517 793 1573 nolens
813 1514 1186 1570 mutabilitatis
1205 1529 1316 1568 sua:
1336 1511 1666 1582 corruptioni
1690 1510 1875 1565 servit.
1910 1507 2017 1563 Sed

410 1617 682 1671 ,creatura
710 1608 825 1662 haec
849 1615 973 1661 tunc
1007 1620 1037 1659 a
1074 1604 1334 1660 servitute
1368 1601 1729 1672 corruptionis
1760 1599 2013 1670 eripitur,

1056 286 1118 342 Β.
1159 282 1414 340 RABANI
1450 282 1670 341 MAURI
1706 278 2027 338 ARCHIEP.
2068 278 2380 338 MOGUNT.
2418 276 2705 337 OPERUM
2738 277 2920 336 PARS
2952 278 3038 336 Ill.

370 466 381 479 η,
432 420 765 475 vana'sunt;
808 421 931 463 nam
965 412 1023 467 in
1048 420 1145 461 suo
1187 405 1325 461 bona
1357 413 1504 471 sunt,
1542 403 1738 474 quippe
1766 417 1889 457 cum
1910 401 2018 455 sint
2041 409 2092 470 Α
2121 398 2381 455 Creatura
2409 399 2555 454 enim
2583 398 2714 454 licet
2735 414 2843 454 non
2873 398 3060 454 volens
3086 399 3339 471 subjecta
3386 401 3501 468 sit,
3550 412 3726 461 tam

374 516 377 517 '
430 496 757 558 necessaria.
785 495 886 552 Sed
914 492 1124 575 propter
1147 513 1265 551 eum
1295 496 1384 566 qui
1407 490 1793 565 subjecits’llam
1818 493 1874 546 in
1902 508 2008 561 spe.

367 647 370 651 .
432 594 561 661 Quae
592 591 750 663 spes?
774 586 968 646 Statim
1007 578 1237 657 subjecit
1265 589 1449 643 dicens
1476 601 1490 639 :
1520 584 1781 650 Quoniam
1821 592 1869 638 et
1901 584 2013 654 ipsa

3605 285 3726 341 um

2114 492 2369 562 quoniam
2394 490 2659 546 voluntati
2693 491 2837 547 cedit
2878 491 2996 560 ejus
3024 492 3115 562 qui
3146 508 3206 548 se
3244 491 3539 562 subjecit,
3569 495 3727 551 etiam

2120 583 2373 639 allectum
2398 581 2686 655 quemdam
2713 594 2767 640 et
2796 574 3116 640 cbaritatem
3145 588 3289 642 circa
3320 584 3422 642 eos
3450 589 3724 655 exhibet,

2114 693 2213 747 pro
2239 678 2434 747 quibus
2456 678 2669 732 videtur
2712 693 2836 734 esse
2885 664 3127 748 subjecta
3154 720 3170 746 ,
3200 692 3259 735 et
3297 696 3408 752 pro
3434 681 3727 741 doloribus

2116 783 2304 824 eorum
2337 769 2497 835 dolet,
2545 778 2599 824 et
2638 785 2735 840 pro
2780 770 3070 841 gemitibus
3114 773 3300 842 gemit.
3334 772 3569 846 (Amb.)
3596 776 3724 844 Qui:

2115 861 2308 927 omnis,
2348 862 2445 928 ait,
2476 871 2719 917 creatura
2761 879 2859 932 per
2885 864 3262 933 quotidianum
3290 864 3563 922 laborem
3594 870 3725 938 inge-

2116 958 2285 1011 miscit
2324 965 2371 1011 et
2412 955 2549 1011 dolet
2606 973 2768 1028 usque
2820 958 3017 1023 modo;
3072 975 3245 1030 usque
3310 959 3494 1016 modo
3548 962 3724 1017 tam

2115 1048 2404 1120 signiﬁcat,
2438 1048 2673 1119 quandiu
2703 1047 2920 1118 legitur.
2954 1049 3073 1120 ipsa
3100 1051 3247 1106 enim
3274 1051 3575 1108 elementa
3612 1070 3723 1109 cum

2117 1144 2476 1200 sollicitudine
2503 1157 2697 1214 operas
2735 1158 2861 1199 suas
2900 1144 3193 1211 exhibent,
3227 1146 3357 1215 quia
3390 1147 3482 1201 sol
3514 1155 3580 1202 et
3606 1146 3721 1201 ιω

2116 1250 2224 1290 non
2268 1235 2384 1290 sine
2433 1234 2619 1289 labore
2674 1242 2879 1290 statuta
2924 1234 3027 1291 sibi
3092 1236 3322 1308 implent
3388 1239 3631 1308 spatia,
3679 1250 3726 1293 α

2115 1326 2336 1395 spiritus
2386 1324 2696 1379 animalium
2736 1341 2929 1397 magno
2976 1324 3201 1397 gemitu'
3218 1336 3482 1383 arctatur
3524 1331 3603 1383 ad
3640 1346 3725 1384 e1-

2116 1415 2350 1471 hibenda
2386 1415 2625 1470 servitia.
2667 1415 2801 1471 Nam
2848 1417 3089 1474 videmus
3136 1418 3224 1473 illa
3272 1421 3574 1489 gementia
3621 1424 3727 1492 cogi

2118 1507 2283 1563 invita
2324 1509 2392 1563 ad
2426 1508 2683 1564 laborem.
2730 1510 2857 1566 Haec
2892 1527 3021 1583 ergo
3056 1513 3236 1568 omnia
3262 1524 3618 1584 exspectant
3657 1533 3732 1571 re-

2117 1605 2321 1675 quiem,
2351 1614 2466 1658 uta
2500 1604 2680 1659 servili
2708 1620 2872 1676 Opere
2912 1606 3228 1663 liberentur.
3272 1607 3332 1663 Si
3368 1619 3577 1665 autem
3626 1612 3734 1666 hac

372 1694 557 1756 "cum
591 1703 657 1759 ad
693 1701 924 1756 ﬁliorum
956 1698 1051 1753 Dei
1080 1697 1308 1769 gloriam
1344 1697 1652 1765 incorrupta
1686 1692 2016 1763 resurgendo
2049 1768 2088 1775 _
2120 1707 2268 1756 esset
2298 1700 2553 1767 servitus,
2598 1716 2718 1770 quae
2758 1702 2824 1756 ad
2860 1702 3028 1757 Deum
3052 1702 3342 1772 proﬁceret
3392 1718 3740 1775 promere“.

433 1793 763 1847 sublevatur.
810 1789 909 1844 Hic
952 1768 1133 1856 itaque
1180 1786 1335 1840 electi
1377 1785 1625 1840 molestia
1654 1783 1819 1838 vincti
1856 1791 2014 1849 sunt,

2122 1791 2269 1859 dum,
2294 1791 2573 1863 gauderet,
2596 1768 2702 1847 non
2725 1793 2934 1849 doleret
2950 1768 3199 1850 creatura
3228 1810 3242 1849 :
3266 1798 3363 1851 sed
3384 1768 3531 1867 quia
3556 1799 3743 1851 nostri

433 1886 557 1954 quia
582 1886 757 1940 adhuc
785 1876 1145 1950 corruplionis
1175 1893 1283 1932 sua:
1305 1891 1462 1947 pmna
1489 1876 1882 1947 deprimuntur.
1913 1875 2018 1931 Sed

434 1994 557 2034 cum
598 1973 932 2046 corruptibili
974 1987 1137 2027 carne
1176 1970 1442 2036 exuimur,
1487 1970 1640 2040 quasi
1682 1970 1751 2024 ab
1787 1970 1871 2024 his
1897 1969 2019 2038 qui-

434 2072 537 2126 bus
571 2085 713 2124 nunc
744 2064 1106 2135 astringimur,
1150 2062 1394 2117 molestia
1425 2060 1651 2116 vinculis
1691 2060 2016 2115 relaxamur.

435 2163 582 2234 Ipsa,
612 2160 807 2231 inquit,
850 2165 1091 2212 creatura
1138 2153 1443 2209 liberabitur
1484 2171 1516 2207 a
1560 2154 1805 2208 servitute
1841 2168 2022 2207 corru-

432 2257 647 2330 ptionis,
691 2256 747 2309 in
785 2253 1074 2308 libertatem
1126 2249 1309 2322 gloria:
1357 2246 1587 2316 ﬁliorum
1636 2244 1753 2300 Dei.
1809 2245 2021 2301 Electos

434 2350 579 2407 enim
607 2363 749 2404 nunc
779 2361 938 2417 pmna
972 2342 1336 2412 corruptionis
1363 2351 1643 2411 aggravat,
1673 2339 1767 2394 sed
1791 2347 1917 2393 tunc
1940 2338 2021 2392 in-

434 2440 796 2511 corruptionis
821 2438 990 2511 gloria
1020 2435 1253 2501 cxaltat;
1279 2426 1331 2488 et
1355 2441 1613 2503 quantum
1643 2430 1709 2486 ad
1739 2429 2021 2500 praesentis

433 2538 775 2595 necessitatis
819 2536 1029 2607 pondus
1071 2548 1213 2597 nunc
1266 2532 1319 2586 in
1364 2532 1459 2587 Dei
1504 2530 1627 2584 ﬁliis
1669 2529 1736 2584 de
1773 2527 2021 2582 libertate

432 2630 942 2711 nihil‘ostenditur;
972 2634 1233 2698 quantum
1268 2641 1397 2681 vero
1436 2625 1505 2680 ab
1545 2623 1921 2693 subsequentis
1952 2621 2018 2675 li-

433 2723 662 2780 bertatis
703 2721 930 2792 gloriam
981 2728 1107 2775 tunc
1153 2719 1207 2773 in
1254 2717 1351 2772 Dei
1399 2716 1612 2772 famulis
1658 2716 1724 2770 de
1762 2715 2021 2771 servitute

434 2815 569 2871 nihil
599 2814 898 2887 apparebit.
930 2812 1191 2869 Creatura
1219 2824 1348 2881 ergo
1375 2807 1632 2863 servitute
1659 2803 2019 2875 corruptionis

435 2916 598 2963 exuta
627 2915 681 2962 ct
704 2906 961 2977 dignitate
991 2904 1260 2959 libertatis
1290 2909 1510 2972 accepta
1533 2938 1549 2967 ,
1580 2900 1635 2954 in
1663 2898 1893 2953 ﬁliorum
1924 2896 2018 2951 Dei

436 2999 664 3071 gloriam
690 2999 936 3064 vertitur,
979 2997 1105 3066 quia
1132 2995 1280 3051 unita
1304 2995 1415 3050 Deo
1443 3007 1541 3063 per
1572 2991 1829 3061 Spiritum
1864 2987 2018 3059 quasi

437 3090 540 3145 hoc
580 3091 751 3157 ipsum
796 3088 940 3159 quod
979 3096 1230 3144 creatura
1271 3094 1358 3143 est
1395 3083 1655 3139 transisse
1699 3098 1763 3138 ac
1810 3079 2019 3136 subisse

326 3162 355 3201 ’⁷
441 3181 766 3236 declaratur.

512 3272 718 3327 Scimus
764 3272 903 3325 enim
951 3271 1090 3342 quod
1140 3270 1307 3324 omnis
1353 3276 1597 3324 creatura
1640 3266 1930 3337 ingemiscit
1972 3275 2018 3325 ει

437 3364 664 3435 parturit
687 3378 849 3434 usque
873 3362 1063 3417 adhuc.
1082 3361 1276 3433 (Orig)
1299 3360 1453 3427 Quod
1480 3360 1556 3414 ait
1589 3359 1754 3414 omnis
1777 3367 2019 3413 creatura

439 3456 731 3525 ingemiscit
783 3465 832 3510 et
875 3455 1139 3524 parturit,
1173 3453 1470 3508 secundum
1500 3451 1649 3506 illum
1683 3464 1900 3506 sensum
1932 3464 2022 3506 ac-

441 3546 705 3617 cipiemus
729 3547 980 3617 parturit,
1012 3546 1157 3616 quod
1185 3545 1319 3601 dicit
1349 3543 1658 3614 Apostolus,
1690 3542 1941 3613 genuisse
1962 3557 2021 3597 se

441 3658 537 3713 per
564 3642 913 3713 Evangelium
940 3656 1033 3698 eos
1056 3656 1193 3712 quos
1221 3655 1320 3710 per
1361 3639 1520 3694 ﬁdem
1551 3639 1751 3694 Christi
1771 3637 2023 3709 perduxit

436 3736 508 3790 ad
538 3736 711 3791 lucem
743 3733 797 3804 (Ι
825 3733 947 3789 Cor.
975 3733 1083 3803 1v);
1115 3732 1200 3789 vel
1228 3733 1369 3788 sicut
1392 3733 1457 3787 de
1492 3731 1612 3786 aliis
1633 3731 1770 3785 dixit
1796 3749 1808 3785 :
1836 3728 2020 3783 Filioli

440 3828 561 3892 mei,
598 3845 726 3898 quos
771 3828 958 3881 iterum
994 3826 1263 3897 parturit),
1309 3823 1473 3877 donec
1503 3822 1757 3890 formetur
1784 3819 2023 3875 Christus

439 3921 497 3975 in
521 3921 662 3976 vobis
690 3918 835 3987 (Gal.
859 3917 958 3990 iv).
984 3917 1224 3974 Parturit
1246 3931 1378 3987 ergo
1400 3923 1456 3970 et
1484 3922 1733 3971 creatura
1760 3929 1855 3969 eos
1887 3926 2024 3982 quos

440 4021 727 4083 regenerat
750 4009 817 4066 ad
843 4010 1092 4067 salutem.
1137 4008 1320 4082 (Aug.)
1346 4005 1537 4063 Omnis
1574 4014 1823 4061 creatura
1850 4004 1904 4059 in
1931 4004 2026 4059 ho-

444 4105 591 4159 mine
627 4111 963 4169 numeratur,
994 4117 1101 4157 non
1131 4102 1257 4171 quia
1283 4101 1338 4155 in
1363 4115 1428 4155 eo
1462 4107 1589 4154 sunt
1612 4112 1801 4167 omnes
1825 4095 2022 4166 angeli,

443 4203 501 4250 et
527 4195 990 4265 supereminentes
1019 4194 1277 4259 virtutes,
1327 4206 1393 4246 ac
1430 4198 1759 4261 potestates,
1796 4196 1889 4245 aut
1914 4201 2025 4244 cut—

437 4286 572 4353 lum,
604 4294 659 4343 et
687 4295 851 4349 terra,
876 4294 933 4338 et
968 4298 1138 4348 utare,
1181 4290 1236 4338 et
1276 4283 1458 4337 omnia
1500 4297 1619 4351 quae
1649 4283 1702 4336 in
1732 4282 1812 4336 eis
1858 4290 2021 4347 sunt;

406 4356 425 4425 ί
440 4380 534 4435 sed
563 4383 689 4446 quia
715 4378 891 4432 omnis
919 4382 1165 4431 creatura
1189 4375 1389 4444 partim
1419 4373 1679 4443 spiritalis
1701 4380 1802 4438 est,
1824 4372 2024 4442 partim

412 4467 690 4543 animalis
716 4507 732 4533 ,
765 4467 1303 4538 partim,corporalis.
1335 4464 1523 4521 Omnis
1552 4474 1803 4521 creatura
1845 4466 1900 4519 in
1931 4465 2026 4520 ho-

426 4560 585 4629 ,mine
630 4567 748 4624 est,
789 4560 916 4630 quia
967 4559 1217 4631 intelligit
1258 4559 1451 4629 spiritu
1489 4567 1545 4613 et
1590 4555 1755 4613 sentit
1798 4556 1976 4611 anima
2002 4596 2016 4621 ,

414 4662 497 4715 ,ct
517 4652 769 4717 localiter
792 4667 1019 4723 corpore
1045 4662 1313 4708 movetur.
1350 4652 1539 4710 Omnis
1560 4653 1742 4722 itaque
1768 4660 2021 4707 creatura

408 4782 415 4799 ς
442 4748 493 4802 in
534 4747 753 4803 homine
781 4747 1150 4817 congemiscit,
1177 4753 1231 4800 et
1253 4744 1416 4802 dolet.
1449 4743 1621 4816 Usque
1643 4743 1819 4798 adhuc
1832 4734 2019 4838 autem

408 4848 586 4927 ireete
632 4837 798 4903 dixit,
844 4837 971 4907 quia
1014 4835 1228 4893 etiamsi
1268 4844 1397 4891 sunt
1438 4834 1604 4904 aliqui
1644 4834 1755 4905 jam
1803 4833 1862 4887 iii
1896 4833 2019 4888 sinu

424 4930 702 4995 .Abrabzc,
750 4930 989 4986 etlatro
1044 4929 1132 4983 ille
1187 4942 1311 4983 cum
1368 4926 1596 4983 Domino
1653 4926 1705 4980 in
1760 4925 2020 4981 Paradiso

438 5022 829 5078 constituturus
849 5020 966 5090 ipso
988 5020 1074 5075 die
1094 5034 1202 5089 quo
1231 5017 1482 5082 credidit,
1510 5016 1689 5071 dolere
1718 5016 2015 5082 destiterit;

418 5088 623 5169 {unum
662 5127 849 5182 usque
874 5088 1075 5167 adhuc
1103 5088 1270 5165 omnis
1309 5118 1551 5164 creatura
1597 5108 1927 5180 congemiscit
1973 5116 2021 5161 et

418 5248 421 5251 .
440 5202 609 5271 dolet,
631 5205 755 5277 quia
778 5205 830 5258 in
856 5203 941 5259 his
961 5203 1054 5272 qui
1077 5202 1315 5258 nondum
1336 5200 1551 5257 liberati
1572 5209 1720 5265 sunt,
1741 5199 1919 5257 omnis
1939 5207 2021 5254 est

416 5301 660 5367 fpropter
693 5294 941 5363 spiritum
985 5304 1042 5349 et
1068 5295 1303 5351 animam
1344 5301 1398 5350 et
1434 5306 1647 5363 corpus.
1680 5291 1877 5367 (0rig.)
1914 5290 2035 5349 Su-.

418 5386 627 5457 .perius
644 5387 885 5441 dixerat:
908 5386 1165 5441 Existimo
1193 5388 1330 5442 enim
1347 5387 1597 5459 quoniam
1623 5404 1727 5441 non
1754 5392 1874 5441 sum
1903 5400 2022 5439 con-

416 5478 613 5547 ,digna:
638 5477 908 5547 passiones
934 5477 1091 5548 hujus
1126 5480 1369 5550 temporis
1399 5479 1468 5534 ad
1490 5479 1723 5549 futuram
1744 5476 1966 5548 gloriam
1999 5487 2019 5529 :

440 5579 641 5627 CLLUID
667 5571 739 5627 ibi
758 5584 818 5626 se
844 5571 1157 5627 existimare
1201 5573 1443 5638 dixisset,
1488 5571 1574 5627 hic
1622 5570 1764 5626 scire
1804 5582 1863 5625 se
1892 5568 2022 5625 dicit

432 5662 586 5729 quod
615 5664 792 5719 omnis
819 5670 1069 5719 creatura
1094 5666 1460 5734 congemiscat
1485 5672 1541 5718 et
1584 5662 1887 5732 condoleat,
1916 5676 2022 5732 quo

442 5755 651 5812 scilicet
696 5756 835 5814 nihil
876 5756 932 5815 in
979 5756 1085 5813 hoc
1127 5770 1289 5813 sensu
1336 5756 1688 5817 dubitationis
1732 5756 2015 5814 habeatur.

2122 1899 2288 1942 causa
2349 1885 2595 1955 subjecta
2649 1893 2734 1941 est
2785 1886 3033 1940 servituti
3074 1886 3450 1956 corruptionis
3477 1927 3496 1953 ,
3563 1887 3735 1943 dolet.

2122 1976 2282 2032 Videt
2324 1975 2468 2031 enim
2514 1976 2759 2046 quotidie
2805 1992 2971 2047 opera
3007 1992 3105 2034 sua
3160 1980 3427 2045 interire;
3478 1981 3728 2051 quotidie

2123 2072 2266 2127 enim
2296 2069 2472 2125 oritur
2503 2078 2559 2126 et
2596 2071 2798 2131 occidit
2824 2086 2962 2143 opus
2985 2072 3123 2142 ejus.
3161 2068 3331 2130 Recte
3368 2084 3519 2145 ergo
3563 2075 3723 2140 dolet,

2120 2160 2275 2230 cujus
2305 2160 2551 2231 operatio
2575 2176 2682 2216 non
2706 2161 2775 2216 ad
2806 2163 3162 2217 internitatem
3199 2163 3439 2232 pertinet
3468 2200 3488 2228 ,
3525 2165 3627 2219 sed
3665 2166 3725 2218 ad

2122 2254 2545 2324 corruptionem.
2578 2253 2852 2321 Quantum
2873 2268 3003 2327 ergo
3023 2255 3183 2310 datur
3212 2256 3469 2327 intelligi,
3500 2258 3647 2312 satis
3671 2259 3727 2313 de

2122 2355 2305 2401 nostra
2338 2346 2509 2401 salute
2538 2346 2753 2402 solliciti
2788 2355 2932 2413 sunt,
2968 2349 3203 2405 scientes
3232 2349 3301 2404 ad
3328 2348 3727 2407 liberationem

2122 2454 2276 2495 suam
2299 2440 2561 2509 proﬁcere
2586 2441 2871 2507 maturius,
2899 2442 2945 2496 si
2966 2441 3125 2497 modo
3146 2456 3245 2498 nos
3263 2443 3432 2498 citius
3452 2456 3731 2514 agnosca-

2122 2548 2242 2587 mus
2269 2539 2563 2587 auctorem.
2591 2531 2717 2588 "th
2741 2533 2920 2602 itaque
2954 2533 3217 2597 scientes,
3248 2535 3400 2589 omni
3430 2548 3583 2590 cura
3614 2536 3729 2589 diti-

2122 2623 2409 2694 gentisque
2454 2623 2643 2694 dignos
2687 2628 2786 2679 nos
2829 2625 3199 2695 prtebcamus,
3242 2626 3363 2681 aliis
3403 2638 3643 2698 quoque
3674 2636 3728 2683 ut

2124 2716 2374 2786 exemplo
2408 2715 2609 2782 simus,
2637 2728 2744 2772 non
2772 2726 2956 2773 nostra
2982 2719 3155 2773 solum
3183 2718 3551 2775 miseratione
3580 2736 3731 2777 eom-

2122 2806 2286 2873 moti,
2318 2806 2412 2861 sed
2443 2813 2499 2861 et
2525 2805 2644 2875 ejus
2678 2822 2844 2863 causa
2872 2809 3061 2865 diebus
3085 2824 3150 2865 ac
3186 2811 3443 2873 noetibus
3484 2812 3730 2880 injurias

2121 2897 2331 2969 patiens
2360 2898 2665 2969 ingemiscit
2694 2917 2709 2954 :
2744 2899 2983 2957 solemus
3007 2902 3153 2957 enim
3201 2902 3258 2957 in
3305 2903 3503 2959 alienis
3538 2906 3729 2960 causis

2120 2988 2440 3058 propensius
2462 2988 2705 3058 vigilare.
2744 2988 2869 3046 Non
2896 2991 3065 3046 solum
3099 3002 3274 3047 autem
3300 2992 3392 3046 illa
3423 2994 3525 3048 sed
3553 3006 3610 3049 et
3635 3008 3729 3048 se:

2119 3084 2380 3153 primitias
2416 3085 2632 3155 spiritus
2662 3085 2927 3147 habentes,
2955 3095 3000 3140 et
3021 3087 3121 3157 ipsi
3150 3087 3290 3141 intra
3318 3096 3410 3141 nos
3458 3090 3728 3158 gemimus

2122 3174 2455 3246 adoptionem
2484 3175 2718 3245 ﬁliorum
2743 3184 3116 3247 exspectantes,
3146 3178 3563 3248 redemptionem
3616 3196 3728 3234 cor-

2119 3268 2260 3338 poris
2297 3268 2483 3320 nostri.
2519 3266 2716 3339 (Orig)
2749 3266 2878 3323 Tale
2930 3280 3163 3339 namque
3209 3274 3291 3325 es:
3326 3269 3477 3340 quod
3529 3270 3725 3327 dicere

2119 3361 2333 3416 videtur
2365 3379 2379 3415 :
2410 3360 2527 3417 Non
2556 3360 2726 3417 solum
2754 3362 2929 3417 omnis
2967 3370 3218 3418 creatura
3260 3361 3625 3433 congemistn
3671 3366 3724 3419 Et

2121 3453 2391 3518 condolet,
2426 3437 2519 3509 sed
2546 3460 2602 3507 et
2623 3468 2723 3508 nos
2749 3453 2851 3523 ipsi
2881 3454 3150 3523 primitias
3190 3454 3414 3524 spiritus
3445 3455 3723 3511 habentes

2122 3546 2262 3603 intra
2291 3560 2391 3604 nos
2443 3548 2725 3618 gemimus.
2770 3548 2835 3602 Et
2873 3558 2971 3604 nos
3015 3549 3159 3603 enim
3202 3552 3585 3618 exspectamus
3627 3548 3721 3604 ad-

2121 3642 2392 3712 optionem
2443 3641 2676 3696 ﬁliorum
2727 3640 2867 3707 Dei,
2913 3646 2969 3697 et
3012 3642 3437 3713 Ndemptionem
3466 3642 3723 3713 εί)ὴὼήέ

2121 3735 2311 3789 nostri.
2360 3733 2619 3801 Quamvis
2660 3734 2763 3789 hoc
2802 3732 2920 3803 ipso
2956 3734 3072 3805 ja'in
3105 3735 3249 3804 quod
3285 3730 3504 3789 Christo
3534 3734 3722 3790 credi-

2123 3838 2245 3881 mus
2269 3866 2284 3891 ,
2316 3826 2545 3881 salutem
2584 3826 2742 3881 nobis
2789 3825 3088 3897 praealtam
3136 3825 3492 3890 noverimus;
3529 3824 3719 3881 tamen

2124 3917 2178 3971 in
2208 3932 2301 3988 spe
2328 3918 2504 3973 adhuc
2524 3923 2609 3972 est
2630 3916 2777 3972 salus
2802 3918 2903 3971 ista
2920 3958 2933 3980 ,
2960 3925 3068 3985 non
3090 3917 3143 3972 in
3167 3920 3387 3988 aspectu
3412 3914 3721 3973 viSibilittm

2125 4006 2391 4081 [visibili].
2437 4006 2495 4063 Si
2524 4009 2666 4064 enim
2689 4006 2801 4077 iam
2830 4008 3145 4072 videretur;
3173 4012 3279 4063 lion
3308 4009 3491 4079 utique
3523 4022 3721 4079 spera-

2126 4109 2295 4156 retur.
2344 4102 2536 4172 Sperat
2576 4102 2722 4157 cnim
2768 4103 2889 4172 quis
2919 4108 2979 4157 ut
3016 4101 3217 4157 videat.
3258 4099 3317 4156 8i
3361 4112 3487 4156 vero
3527 4092 3719 4156 viaea:

2124 4212 2243 4269 quia
2290 4198 2573 4267 sperabat,
2620 4195 2949 4267 superﬂuum
2999 4202 3083 4251 est
3129 4195 3272 4250 ultra
3319 4196 3540 4266 sperare
3585 4204 3717 4263 qua:

2126 4289 2288 4346 videt.
2342 4288 2449 4343 Nos
2494 4296 2674 4343 autem
2723 4294 2875 4359 spem
2914 4294 3023 4343 non
3065 4288 3328 4344 habemus
3371 4287 3424 4341 in
3461 4284 3547 4340 his
3587 4298 3714 4354 qua:

2125 4383 2406 4449 videnlur,
2432 4396 2499 4437 ne
2530 4383 2705 4437 inanis
2732 4384 2802 4437 sit
2843 4386 2965 4453 spes
2990 4384 3171 4437 nostra
3199 4397 3214 4446 ;
3253 4381 3347 4436 sed
3377 4380 3430 4435 in
3471 4379 3554 4433 his
3587 4388 3713 4447 qua:

2129 4489 2235 4530 non
2266 4474 2534 4528 videntur.
2570 4472 2637 4529 Et
2664 4473 2784 4529 ideo
2819 4473 2945 4543 Quia
2982 4484 3103 4542 qua:
3140 4478 3249 4525 non
3289 4471 3540 4526 videntur
3577 4482 3708 4536 spe-

2130 4578 2339 4630 ramus;
2391 4573 2445 4620 et
2498 4568 2611 4620 tam
2659 4570 2852 4634 magna
2902 4566 3028 4618 sum
3067 4570 3287 4633 tamque
3328 4556 3554 4633 gtorlosa
3582 4580 3601 4622 ,ι
3645 4560 3710 4612 ut

2130 4656 2314 4715 multis
2358 4657 2637 4713 laboribus
2682 4656 2977 4726 multisque
3003 4654 3442 4710 tribulationibus
3468 4652 3521 4706 et
3562 4649 3709 4720 pen-

2126 4748 2265 4805 culis
2298 4748 2602 4818 capiantur,
2636 4748 2838 4803 idcirco
2868 4750 2931 4804 ea
2960 4758 3056 4817 per
3080 4744 3395 4816 patientiam
3428 4744 3706 4812 exspecta-

2126 4854 2279 4905 mus,
2310 4846 2567 4909 tanquam
2592 4836 2681 4893 vix
2708 4838 2995 4907 aliquando
3022 4840 3271 4892 ventura.
3294 4834 3411 4890 Hoc
3440 4832 3696 4895 diximus,

2126 4930 2392 4991 directum
2432 4924 2719 5000 quemdam
2752 4938 2809 4983 et
2846 4928 3161 4983 iactatorem"
3193 4926 3531 4982 sermonibus
3574 4922 3702 4991 ipsis

2128 5020 2437 5094 apostolicis
2470 5020 2713 5079 ordinem
2754 5024 2960 5077 dantes.
3009 5021 3194 5086 Nunc,
3234 5022 3278 5078 si
3308 5020 3543 5083 videtur,
3573 5014 3701 5086 quid

2127 5123 2212 5170 est
2241 5115 2384 5185 quod
2414 5128 2555 5169 novo
2588 5115 2691 5169 hoc
2721 5124 2968 5169 sermone
3007 5110 3207 5168 indicet
3243 5111 3558 5174 videamus,
3597 5119 3702 5177 quo

2128 5209 2266 5265 dixit
2295 5222 2309 5263 :
2342 5207 2445 5264 Sed
2468 5217 2515 5262 et
2543 5220 2640 5263 nos
2658 5207 2756 5278 ipsi
2782 5206 3040 5277 ptumum
3062 5205 3279 5275 ιρξήηη
3305 5203 3570 5257 Faberius.
3605 5198 3703 5254 Le—

2127 5302 2305 5370 gimus
2345 5300 2486 5369 apud
2525 5300 2698 5369 ipsum
2739 5299 3039 5369 apostolum
3069 5298 3294 5353 Paruum
3319 5297 3457 5351 dona
3485 5293 3565 5351 vel
3588 5299 3705 5365 gra-

2131 5389 2235 5443 tias
2277 5388 2451 5443 sanoti
2502 5387 2739 5458 Spiritus
2799 5388 2997 5443 multos
3046 5387 3270 5456 spiritus
3319 5384 3609 5448 nominari,
3647 5390 3704 5435 ut

2125 5494 2249 5536 cum
2279 5479 2449 5535 dicit:
2489 5478 2643 5534 Nunc
2693 5487 2865 5533 autem
2910 5482 3157 5545 quoniam
3205 5476 3538 5532 (emunitam
3583 5474 3705 5531 esus

2124 5574 2426 5643 spirituum,
2443 5573 2510 5629 ad
2528 5572 2926 5641 wdifltatimwm
2950 5570 3444 5642 Ecclesia',qtttrtitc
3466 5576 3519 5622 u‘t
3540 5569 3707 5622 abun—

2125 5666 2257 5720 detis
2286 5665 2335 5737 (1
2365 5664 2489 5718 Cor.
2518 5664 2655 5735 XIV).
2682 5664 2830 5719 Dona
2857 5677 2986 5736 ergo
3014 5664 3226 5718 diversa
3251 5657 3705 5731 SpiritusaPaulo

2128 5758 2285 5814 multi
2308 5749 2532 5829 spiritus
2566 5756 2929 5828 appellantur.
2956 5754 3162 5812 Horum
3202 5761 3384 5812 autem
3410 5752 3705 5812 multorum

1572 6358 1577 6359 γ
1598 6368 1601 6369 ν
1696 6350 1851 6373 νέᾼξὲί
1868 6342 2215 6369 ἓνίγτΞ-ᾂξπωετθκ
