4000 6398
274 302 412 359 “(Si

842 290 1392 353 ENABRATIONUM
1425 289 1496 350 IN
1532 290 1685 351 EPP.
1724 288 1934 350 PAULI
1966 290 2095 349 LIB.
2136 290 2203 348 γ.
2242 321 2314 334 -
2350 289 2420 347 ΙΝ
2458 288 2680 348 EPIST.
2717 288 2810 347 AD
2845 289 3015 350 ROM.

272 422 540 477 donorum
583 412 847 486 quidquid
883 420 968 468 est
1006 424 1278 466 summum
1327 416 1383 465 et
1427 422 1683 479 magnum
1736 407 1857 462 sine
1882 408 1936 471 Α
1958 384 2263 462 absorbetur
2289 423 2430 462 mors
2457 407 2511 460 in
2543 406 2790 474 uictoria,
2825 420 2952 462 cum
2982 404 3033 463 ei
3064 406 3301 466 dicitur:
3329 407 3434 467 Ubi
3459 420 3564 483 est,

273 513 444 569 dubio
483 507 711 581 apostoli
759 496 1037 563 consecuti
1087 500 1213 558 sunt
1236 543 1251 570 ,
1314 509 1374 556 ut
1411 500 1591 557 idonei
1640 496 1863 567 es‘sent,

274 606 419 661 sicut
439 611 496 658 et
520 603 634 675 ipse
654 599 854 656 Paulus
887 597 1041 663 dicit,
1068 592 1305 651 ministri
1334 591 1473 649 Novi
1502 590 1859 660 Testamenti,

274 710 332 757 et
358 710 419 756 ut
439 700 644 771 replere
666 696 875 771 possint
898 691 1248 763 Evangelium
1268 689 1336 745 ab
1353 687 1652 744 Jerusalem
1678 688 1732 743 in
1755 686 1865 743 cir-

276 794 428 848 cuitu
451 805 624 861 usque
648 790 715 844 ad
736 786 1031 860 Illyricum.
1069 783 1184 839 Hoc
1212 796 1340 853 ergo
1376 779 1521 851 quod
1550 780 1604 835 in
1634 793 1727 834 eos
1756 772 1867 850 prae

274 884 493 939 cmteris
524 881 808 937 sublimius
836 887 888 934 et
915 874 1233 948 praeclarius
1256 862 1513 929 collatum
1562 879 1647 927 est
1690 869 1865 926 sancti

277 972 517 1046 Spiritus
573 973 803 1035 donum,
851 969 1046 1025 merito
1084 965 1351 1038 primitias
1405 965 1579 1021 saneti
1632 962 1867 1033 Spiritus

274 1063 585 1137 appellavit.
609 1062 677 1117 Et
700 1061 820 1115 ideo
847 1059 979 1115 dicit
1003 1074 1017 1113 :
1043 1056 1149 1113 Sed
1179 1065 1228 1111 et
1258 1072 1350 1111 nos
1376 1055 1495 1126 ipsi.
1525 1054 1582 1110 In
1611 1070 1717 1124 quo
1745 1068 1867 1125 spe-

273 1158 486 1214 cialiter
531 1153 816 1225 designare
858 1151 1074 1206 videtur
1120 1147 1471 1219 apostolicam
1526 1146 1863 1217 dignitatem.

274 1246 393 1303 Nos
441 1262 585 1315 ergo,
624 1243 818 1313 inquit,
863 1241 985 1311 ipsi,
1033 1241 1138 1295 hoc
1183 1248 1266 1294 est
1303 1237 1557 1308 apostoli,
1603 1237 1865 1309 primitias

271 1337 506 1409 Spiritus
533 1316 778 1391 habent}:
806 1374 821 1400 ,
856 1335 949 1405 qui
979 1331 1139 1388 electi
1187 1346 1374 1387 sumus
1403 1330 1471 1386 ad
1508 1331 1613 1387 hoc
1646 1337 1705 1384 ut
1748 1330 1867 1400 pri-

270 1431 459 1486 mitias
508 1426 743 1498 Spiritus
800 1418 1204 1495 acciperemus,
1258 1422 1415 1477 etiam
1450 1421 1552 1492 ipsi
1592 1421 1731 1476 intra
1771 1437 1865 1477 nos

268 1522 545 1593 gemimus.
572 1518 631 1574 ιιι
658 1527 867 1574 tantum
888 1558 901 1582 ,
936 1516 1141 1586 inquit,
1169 1513 1317 1570 nulla
1360 1521 1610 1569 creatura
1631 1518 1713 1569 est
1747 1527 1866 1583 quae

270 1612 550 1668 doloribus
590 1619 646 1665 et
679 1609 969 1681 gemitibus
1019 1614 1213 1672 vacet,
1249 1614 1308 1660 ut
1352 1605 1522 1661 etiam
1571 1619 1671 1660 nos
1722 1604 1864 1675 ipsi,

269 1706 365 1777 qui
405 1720 614 1761 summa
654 1705 721 1758 ab
772 1702 976 1773 Spiritu
1016 1711 1204 1756 sancto
1247 1709 1303 1757 et
1345 1688 1533 1755 electa'
1559 1698 1700 1754 dona
1740 1711 1864 1767 pcr-

1968 492 2135 566 mors,
2177 498 2436 555 contentio
2468 507 2602 565 tua;
2653 490 2747 552 ubi
2792 504 2891 564 est,
2932 504 3095 567 mors,
3130 498 3346 557 aculeus
3383 508 3508 558 tuus
3537 501 3566 560 2

1971 588 2024 665 (Ι
2053 590 2175 647 Cor.
2202 592 2316 664 xv).
2365 589 2518 647 Nunc
2565 605 2721 664 ergo,
2773 578 2970 663 inquit,
3023 583 3134 647 non
3183 590 3355 649 solum
3383 593 3566 654 omnis

1970 692 2245 750 creatura,
2283 682 2338 763 id
2368 690 2470 749 est,
2518 684 2640 739 cum
2691 696 2940 763 corpore,
2994 678 3297 741 sedetiam
3326 684 3429 742 nes
3459 685 3567 759 ipsi

1966 776 2238 848 primitias
2272 760 2535 831 habentes
2570 773 2828 848 Spiritus,
2861 760 3053 845 idest,
3100 792 3204 835 nos
3228 776 3425 836 animae
3467 780 3564 852 qui

1968 870 2134 925 etiam
2164 867 2433 941 primitias
2474 874 2687 925 mentes
2731 868 2948 926 noStras
2996 868 3294 928 obtulimus
3340 870 3473 941 Deo,
3502 873 3561 930 in

1969 961 2126 1017 nobis
2174 960 2304 1031 ipsis
2343 952 2827 1034 congemiscimu's,
2880 961 2934 1017 id
2968 969 3073 1031 est,
3120 962 3323 1037 praeter
3363 960 3563 1036 corpus

1968 1053 2315 1124 adoptionem
2371 1062 2752 1126 exspectantes
2819 1044 3248 1127 redemptionem
3316 1057 3563 1131 corporis

1967 1146 2162 1211 nostri,
2208 1146 2264 1201 id
2304 1154 2407 1213 est,
2431 1155 2492 1202 ut
2520 1148 2771 1219 et'ipsum
2796 1164 2995 1221 corpus
3024 1150 3296 1221 accipiens
3355 1152 3564 1209 beneﬁ-

1968 1236 2112 1291 cium
2164 1236 2472 1308 adoptionis
2517 1238 2752 1295 ﬁliorum
2781 1280 2796 1307 ,
2829 1255 2936 1311 qua
2963 1242 3142 1298 vocati
3167 1257 3385 1313 sumus,
3418 1252 3563 1303 totos

1967 1345 2069 1385 nos
2096 1328 2295 1386 liberos
2349 1331 2636 1387 transactis
2691 1331 2946 1391 omnibus
2985 1334 3253 1392 molestiis
3295 1351 3364 1392 ex
3408 1337 3563 1395 omni

1968 1429 2124 1492 parte
2150 1416 2246 1477 Dei
2273 1421 2413 1478 ﬁlios
2437 1438 2559 1479 esse
2585 1421 2916 1480 manifestet.
2948 1422 3148 1498 (Θήῃ.)
3177 1425 3351 1482 Aliter
3374 1434 3561 1484 autem

1967 1513 2113 1583 quod
2150 1514 2307 1582 dixit,
2343 1514 2746 1587 redemptionem
2773 1517 3005 1588 corporis
3035 1519 3220 1586 nostri,
3267 1534 3370 1591 ego
3415 1521 3564 1578 arbi-

1972 1608 2276 1675 tror.quod
2319 1606 2483 1662 totius
2532 1602 2790 1664 Ecclesiae
2832 1609 3100 1666 indicetur
3145 1626 3342 1684 corpus
3367 1654 3382 1681 ,
3420 1620 3565 1673 Sicut

1967 1704 2022 1750 et
2057 1695 2182 1752 alibi
2225 1696 2302 1752 ait
2329 1715 2342 1751 :
2390 1695 2488 1752 Vos
2513 1708 2690 1753 autem
2716 1699 2838 1754 estis
2871 1718 3056 1772 corpus
3079 1700 3298 1771 Christi,
3323 1712 3371 1759 et
3396 1721 3563 1761 ntem-

272 1795 530 1866 cipimus,
580 1804 759 1849 tamen
789 1801 1166 1864 exspectantes
1208 1790 1553 1860 adoptionem
1599 1788 1852 1853 ﬁliorum,
1885 1779 1933 1840 B
1964 1786 2054 1841 bra
2097 1805 2162 1843 ex
2209 1798 2358 1859 parte
2404 1787 2466 1862 (1
2510 1788 2636 1846 Cor.
2680 1791 2794 1863 vi).
2836 1790 3008 1849 Omne
3047 1810 3178 1868 ergo
3221 1811 3421 1868 corpus
3460 1797 3563 1854 Ec-

266 1886 326 1942 id
362 1895 479 1954 est,
521 1885 909 1957 perfectionem
948 1900 1137 1940 eorum
1183 1899 1320 1954 quos
1358 1883 1555 1939 docere
1601 1891 1658 1938 et
1699 1881 1856 1937 insti-

266 1990 426 2037 tuere
453 1981 603 2036 missi
634 1996 845 2046 sumus,
884 1980 1059 2036 donec
1100 1979 1380 2035 videamus
1427 1992 1523 2033 eos
1567 1977 1623 2032 in
1651 1985 1860 2033 tantum

264 2072 551 2145 proﬁcere,
584 2080 645 2129 ut
673 2073 918 2143 adoptari
941 2080 1254 2128 mereantur
1277 2073 1330 2126 in
1357 2071 1523 2138 ﬁlios,
1551 2071 1860 2130 necessario

266 2167 511 2222 dolemus
547 2174 603 2220 et
638 2165 922 2237 gemimus.
970 2166 1149 2220 Donec
1176 2180 1306 2235 ergo
1330 2180 1462 2231 nos,
1496 2164 1736 2235 inquam,
1764 2164 1861 2235 qui

266 2261 605 2316 instituimur
623 2260 691 2313 ab
711 2259 808 2322 eis,
836 2258 1175 2330 negligimus,
1200 2267 1255 2313 et
1278 2273 1573 2324 moramur,
1599 2266 1651 2313 et
1675 2273 1861 2313 emen-

267 2354 504 2408 dationis
528 2359 727 2408 nostra:
755 2360 997 2423 tempora
1029 2352 1240 2424 longius
1269 2353 1604 2422 protelamus
1630 2395 1644 2419 ,
1688 2354 1861 2409 donec

265 2462 373 2502 non
400 2446 689 2502 invisibilia
715 2446 1027 2515 quaerimus,
1054 2444 1148 2499 sed
1176 2444 1481 2499 VlSilllllbUS
1504 2444 1857 2512 delectamur,

258 2539 481 2603 dolores
515 2537 775 2609 apostolis
801 2549 1223 2603 commovemus,
1243 2551 1307 2591 ac
1329 2535 1534 2592 luctum
1557 2537 1639 2608 (ut
1672 2536 1746 2591 ita
1773 2535 1860 2591 di-

268 2629 433 2700 cam)
490 2629 760 2685 universae
812 2635 1077 2683 ereatura:
1123 2636 1177 2683 et
1224 2626 1460 2699 gemitus
1508 2626 1857 2683 suscitemus.

270 2720 534 2777 Universa
578 2735 812 2791 namque
856 2728 1108 2775 creatura
1150 2719 1458 2791 ingemiscit
1509 2727 1564 2775 et
1589 2719 1857 2787 condolet,

268 2815 484 2870 duritiei
516 2821 571 2869 et
600 2813 961 2869 simulationis
999 2820 1199 2870 nostra:
1225 2813 1423 2869 damna
1462 2814 1761 2884 suspirans.
1800 2812 1860 2869 Si

264 2922 397 2964 vero
445 2908 589 2979 quod
619 2907 774 2974 dixit,
812 2907 881 2962 Et
917 2922 1010 2963 nos
1049 2907 1148 2979 ipsi
1184 2906 1446 2978 primitias
1493 2905 1724 2978 Spiritus
1764 2907 1862 2962 Ita-

267 2999 472 3067 bentes,
525 3001 592 3056 de
641 2999 892 3055 omnibus
934 2999 1140 3055 dictum
1184 2999 1278 3071 qui
1332 2998 1563 3071 gratiam
1604 2998 1860 3068 baptismi

264 3094 544 3150 consecuti
597 3093 848 3149 videntur
894 3093 1134 3163 accipias
1155 3133 1171 3159 ,
1229 3092 1557 3163 sperandum
1611 3099 1694 3147 est
1727 3089 1858 3148 illud

1963 1879 2140 1935 etesia:
2187 1880 2559 1937 redimendum
2620 1889 2803 1953 sperat
2855 1883 3145 1955 Apostolus
3173 1927 3188 1951 ,
3254 1902 3356 1943 nec
3406 1895 3564 1959 putat

1960 1988 2143 2046 posse,
2173 1989 2294 2043 qua:
2324 1972 2565 2046 perfecta
2615 1982 2763 2043 sunt,
2813 1975 2930 2032 dari
2980 1978 3209 2050 singulis
3251 1981 3560 2052 quibusque

1960 2067 2239 2134 membris,
2283 2068 2388 2124 nisi
2438 2068 2754 2124 universum
2807 2085 3010 2141 corpus
3056 2072 3115 2128 in
3168 2089 3337 2130 unum
3386 2075 3558 2133 fuerit

1961 2150 2370 2231 congregatum.
2430 2160 2543 2217 lloc
2588 2171 2715 2229 est,
2763 2163 2911 2233 quod
2963 2164 3163 2235 singuli
3196 2176 3418 2224 orantes
3460 2183 3560 2239 pro

1932 2254 2211 2325 .omnibus
2238 2269 2480 2321 oramus,
2508 2263 2566 2310 ut
2594 2256 2778 2312 veniat
2810 2271 3037 2327 regnum
3070 2257 3186 2313 Dei.
3229 2258 3382 2317 Tunc
3411 2261 3561 2317 enim

1960 2345 2066 2401 erit
2095 2345 2341 2403 liberatio
2367 2347 2615 2418 corporis
2653 2348 2851 2415 nostri,
2895 2348 2951 2404 id
2979 2358 3083 2416 est,
3130 2352 3373 2407 omnium
3399 2351 3560 2409 Chri-

1962 2437 2283 2493 stianorum.
2338 2439 2396 2493 In
2448 2454 2675 2509 corpore
2736 2439 2881 2495 enim
2934 2456 3127 2497 omnes
3187 2442 3559 2515 signiﬁcavit,

1960 2529 2087 2599 quia
2108 2546 2289 2584 sumus
2315 2529 2449 2586 alter
2476 2529 2694 2586 alterius
2725 2531 2962 2585 membra
2991 2530 3173 2603 (liam.
3200 2534 3321 2607 xu).
3350 2524 3558 2609 [Amb.]

1958 2619 2126 2693 Igitur
2152 2635 2251 2692 per
2282 2623 2396 2678 haec
2423 2638 2543 2694 qua:
2564 2638 2726 2692 supra
2747 2623 2893 2679 dicta
2925 2632 3081 2689 sunt,
3121 2626 3375 2721 ostendit.
3396 2643 3561 2698 quam

1959 2714 2068 2770 vim
2090 2722 2338 2771 creatura
2366 2715 2606 2786 patiatur
2631 2715 2805 2771 nostri
2833 2730 3027 2782 causa;
3060 2732 3183 2772 cum
3213 2714 3432 2788 quando
3459 2733 3559 2774 nos

1960 2809 2157 2880 quibus
2183 2809 2504 2878 obsequium
2538 2809 2655 2881 ejus
2676 2808 2915 2880 proﬁcit,
2946 2810 3146 2880 quique
3167 2808 3263 2867 Dei
3294 2798 3561 2882 Spiritum

1958 2902 2261 2972 adjutorem
2279 2902 2563 2970 habemus,
2579 2904 3003 2975 iugemiscimus,
3022 2903 3221 2960 uthinc
3239 2903 3558 2971 liberemur,

1959 3003 2020 3050 ut
2065 2997 2333 3066 promissa
2385 3011 2788 3067 consequamur
2837 2995 3083 3067 praemia.
3134 2994 3348 3064 Quanto
3382 2995 3560 3067 magis

1960 3101 2091 3159 ergo
2116 3095 2372 3143 creatura
2410 3086 2746 3159 ingemiscit,
2775 3101 2896 3158 qua:
2919 3100 3097 3158 neque
3124 3085 3428 3157 adiutorem
3463 3086 3562 3144 ha-

265 3189 413 3259 quod
439 3188 581 3244 idem
609 3187 903 3259 Apostolus
959 3160 1097 3244 di—xit
1126 3160 1299 3259 (Rom.
1331 3185 1409 3259 χι)
1450 3203 1464 3241 :
1494 3184 1650 3253 Quod
1679 3187 1725 3241 si
1748 3186 1859 3258 pri-
1885 3160 1932 3226 (ἶ
1962 3182 2055 3238 bet
2088 3180 2352 3252 Spiritum
2381 3189 2655 3249 sanctum,
2679 3195 2858 3251 neque
2887 3180 2945 3236 in
2979 3195 3080 3237 sua
3113 3196 3280 3238 causa
3301 3180 3555 3239 laborat:

264 3281 427 3335 milite
465 3286 689 3346 lanetw,
726 3290 774 3335 et
802 3295 1018 3335 massa:
1044 3288 1091 3334 et
1120 3279 1165 3334 si
1196 3278 1353 3334 radis:
1381 3288 1563 3334 sancta
1582 3319 1597 3346 ,
1628 3288 1674 3334 et
1698 3278 1855 3333 rami.

269 3368 426 3436 Quod
467 3370 571 3424 etsi
609 3370 677 3425 sit
706 3409 722 3435 ,
757 3378 942 3424 tamen
973 3369 1143 3440 ipsius
1168 3384 1363 3424 massae
1404 3370 1461 3425 in
1505 3386 1612 3439 qua
1644 3370 1860 3425 videtur

269 3459 500 3516 indicari
532 3461 821 3517 multitudo
852 3461 1119 3528 ﬁdelium,
1150 3462 1407 3532 primitiae
1433 3462 1745 3520 necessario
1775 3465 1859 3520 vi-

269 3552 537 3608 debantur
571 3553 626 3608 in
655 3552 916 3624 apostolis
945 3551 1240 3611 collocatae.
1274 3553 1367 3610 Sic
1405 3554 1552 3611 enim
1595 3557 1857 3626 scriptum

264 3650 372 3710 est,
399 3643 527 3715 quia
573 3644 629 3697 in
673 3643 915 3700 Ecclesia
941 3645 1123 3716 posuit
1156 3645 1307 3703 Deus
1332 3645 1509 3716 primo
1538 3646 1810 3717 apostolos
1838 3689 1854 3716 ,

269 3737 507 3794 secundo
556 3738 848 3809 prephetas
874 3777 890 3804 ,
945 3739 1107 3795 tertio
1148 3739 1416 3796 doctores.
1466 3739 1558 3795 lsti
1586 3755 1717 3813 ergo
1764 3741 1857 3811 qui

271 3830 445 3903 primo
491 3828 610 3886 loco
646 3829 927 3886 constituti
973 3839 1129 3898 sunt,
1176 3840 1544 3904 competenter
1584 3834 1856 3905 primitias

272 3922 443 3978 sancti
486 3922 721 3993 Spiritus
755 3923 942 3994 gratiae
975 3924 1236 3995 spiritalis
1283 3925 1483 3981 habere
1517 3926 1810 3981 credentur
1838 3944 1851 3981 :

274 4013 458 4087 (Aug.)
509 4013 633 4069 Non
666 4013 837 4070 solum
886 4025 1063 4070 autem
1094 4054 1110 4083 ,
1150 4016 1347 4088 inquit,
1403 4018 1572 4072 omnis
1612 4026 1854 4074 creatura

273 4106 603 4177 congemiscit
646 4116 695 4162 et
733 4107 870 4163 dolet
897 4148 912 4175 ,
948 4108 1038 4163 sed
1065 4116 1116 4164 et
1144 4125 1242 4165 nos
1270 4108 1389 4181 ipsi,
1427 4109 1481 4165 id
1510 4115 1611 4176 est,
1636 4124 1744 4166 non
1768 4125 1853 4166 so-

271 4197 380 4259 lum
413 4198 467 4253 in
499 4199 718 4255 homine
752 4214 951 4271 corpus
991 4208 1049 4257 et
1087 4201 1269 4256 anima
1322 4209 1381 4257 et
1418 4201 1642 4272 spiritus
1693 4202 1855 4259 simul

269 4290 453 4347 dolent
480 4309 559 4348 ει·
592 4291 996 4349 diﬁicultatlbus
1049 4295 1313 4366 corporis,
1355 4294 1452 4352 sed
1489 4304 1546 4353 et
1588 4312 1690 4353 nos
1725 4297 1849 4369 ipsi,

269 4385 507 4456 exceptis
545 4387 892 4458 corporibus,
932 4387 1177 4444 innubis
1204 4388 1335 4460 ipsis
1378 4391 1847 4462 congemiseimus.

271 4480 339 4534 Et
365 4480 503 4535 bene
544 4478 680 4533 dixit
724 4480 997 4550 primitias
1022 4480 1285 4537 habentes
1311 4481 1579 4554 Spiritus;
1629 4484 1684 4539 id
1722 4492 1865 4569 est',‘

258 4582 494 4644 quorum
543 4569 658 4641 jam
706 4570 926 4644 spiritus
978 4576 1241 4646 tanquam
1295 4577 1627 4633 sacriﬁcium
1674 4578 1840 4635 oblati

270 4674 393 4723 sunt
435 4654 546 4722 Deo
583 4667 721 4722 etin
750 4665 932 4724 divido
978 4669 1264 4727 charitatis
1308 4668 1433 4742 igne
1468 4672 1846 4742 cumpruttensi

271 4750 425 4828 sunt;
473 4768 529 4816 ct
565 4761 690 4815 Sunt
732 4761 989 4833 primitiae
1022 4761 1257 4819 hominis
1280 4803 1296 4831 ,
1328 4763 1455 4834 quia
1490 4763 1695 4819 veritas
1730 4764 1847 4835 pri-

269 4846 415 4908 mum
454 4851 703 4922 Spiritum
745 4859 991 4908 nostrum
1027 4853 1275 4921 obtinet,
1326 4862 1397 4910 ut
1428 4864 1528 4925 per
1562 4854 1708 4911 hunc
1748 4868 1853 4911 cte-

270 4952 384 4999 tcra
424 4943 970 5014 comprehendantur.
1021 4943 1142 5000 Jam
1196 4956 1326 5017 ergo
1370 4947 1534 5003 habet
1584 4948 1853 5018 primitias

269 5037 475 5093 oblatas
500 5037 613 5092 Deo
638 5076 652 5103 ,
681 5037 774 5107 qui
813 5035 945 5092 dicit
973 5056 986 5092 :
1021 5036 1196 5092 Mente
1230 5040 1397 5094 servio
1420 5039 1519 5110 legi
1548 5038 1663 5107 Dei,
1694 5052 1851 5095 came

272 5141 446 5184 autem
484 5128 585 5200 legi
625 5128 824 5200 peccati
862 5126 1061 5202 (Rom.
1098 5131 1230 5203 Vit).
1272 5130 1340 5187 Et
1378 5132 1471 5202 qui
1501 5131 1678 5188 dicit:
1710 5132 1851 5190 Deus

274 5219 353 5273 cui
382 5222 548 5274 servio
578 5221 632 5275 in
660 5219 845 5291 spiritu
866 5238 978 5276 meo
1007 5220 1179 5293 (Rom.
1202 5222 1266 5295 t).
1293 5222 1361 5279 Et
1387 5224 1453 5280 de
1481 5241 1590 5296 quo
1614 5225 1810 5282 dicitur
1835 5244 1847 5281 :

273 5310 498 5383 Spiritus
550 5314 761 5380 quidem
826 5326 1095 5387 promptus
1124 5356 1139 5382 ,
1214 5330 1339 5370 caro
1401 5324 1577 5372 autem
1638 5318 1851 5387 inﬁrma

275 5402 488 5478 (Matth.
514 5408 685 5477 xxvi).
715 5405 820 5462 Sed
846 5404 1101 5478 quoniam
1127 5408 1301 5466 adhuc
1334 5408 1467 5466 dicit
1492 5428 1506 5466 :
1540 5410 1739 5483 Infelix
1760 5426 1851 5483 ego

274 5500 443 5565 homo,
494 5502 602 5572 suis
656 5508 736 5555 nte
782 5500 1015 5558 liberabit
1061 5503 1125 5559 ile
1176 5510 1390 5575 corpore
1434 5502 1613 5558 mortis
1658 5502 1856 5573 hujus?

278 5595 432 5670 (Rom
484 5593 602 5666 vni)
635 5602 731 5649 :et
772 5596 945 5651 adhuc
976 5597 1173 5655 talibus
1207 5594 1445 5655 dicitur:
1485 5594 1773 5665 Viviﬁcabit
1801 5604 1851 5650 et

278 5676 517 5748 mortalia
552 5684 769 5763 corpora
803 5686 973 5747 vestra
1016 5706 1226 5765 propter
1267 5692 1509 5765 spiritum
1556 5701 1850 5747 manentem

279 5789 333 5842 in
355 5785 539 5846 vobis:
566 5784 806 5847 nonduin
838 5782 924 5849 est
950 5788 1353 5861 holocaustum;
1378 5786 1481 5850 erit
1507 5796 1705 5860 autem,
1731 5803 1852 5848 cum

1961 3275 2176 3332 addicto
2216 3274 2354 3342 hoc,
2384 3276 2528 3345 quod
2566 3290 2636 3331 ea
2680 3289 2803 3345 quae
2836 3274 3025 3332 labore
3061 3289 3162 3331 suo
3194 3282 3455 3355 generat,
3498 3283 3562 3333 ut

1961 3367 2234 3423 alimentis
2279 3382 2567 3424 servorum
2602 3366 2699 3423 Dei
2724 3366 2978 3438 proﬁciat
3002 3408 3019 3434 ,
3052 3375 3242 3425 contra
3282 3366 3367 3426 fas
3409 3365 3561 3427 videt

1960 3457 2119 3513 idolis
2145 3458 2415 3514 immolari
2436 3460 2449 3513 ι
2483 3458 2633 3514 Unde
2654 3458 2777 3528 plus
2801 3457 2971 3526 dolet,
2994 3469 3050 3516 et
3070 3468 3222 3531 optat
3240 3458 3404 3517 citius
3425 3458 3558 3518 libe-

1961 3552 2095 3619 rari,
2121 3552 2301 3608 sciens
2322 3552 2426 3607 hoc
2461 3551 2529 3607 ad
2558 3548 2812 3619 iniuriam
2838 3544 3107 3621 proﬁcere
3129 3551 3411 3607 creatoris.
3454 3590 3473 3603 .

2032 3643 2296 3717 Speenim
2322 3644 2453 3700 salvi
2483 3644 2612 3715 facti
2634 3660 2836 3701 sumus.
2866 3643 3075 3718 (Δηὼ.)
3100 3644 3215 3701 Hoc
3239 3644 3403 3713 dicit,
3428 3645 3558 3716 quia

1960 3743 2231 3815 sperando
2258 3743 2403 3813 quod
2428 3742 2680 3814 promisit
2719 3741 2865 3799 Deus
2894 3742 2951 3798 in
2977 3724 3197 3799 Christo
3243 3740 3400 3797 nobis
3441 3755 3557 3800 me-

1957 3835 2123 3891 ritum
2148 3834 2396 3903 fecimus,
2427 3842 2488 3890 ut
2514 3835 2827 3891 liberemur.
2850 3834 2994 3907 Ergo
3021 3834 3075 3890 in
3104 3849 3201 3906 spe
3219 3832 3432 3890 liberati
3464 3848 3557 3895 su-

1956 3945 2101 3996 mus,
2128 3929 2255 3999 Quia
2295 3944 2403 3984 non
2448 3927 2593 3984 aliud
2622 3926 2865 3984 futurum
2890 3936 3144 4000 putamus
3173 3944 3339 4001 quam
3368 3929 3573 4005 credi-1

1956 4035 2096 4079 mus.
2125 4021 2255 4094 Spes
2282 4029 2456 4077 autem
2477 4030 2596 4093 quae
2612 4020 2815 4076 videtur
2830 4036 2934 4077 non
2956 4030 3030 4077 est
3046 4038 3182 4094 spes.
3206 4020 3556 4082 Manifestum

1955 4121 2039 4170 est
2064 4129 2170 4170 non
2202 4128 2321 4170 esse
2350 4126 2501 4183 spem
2529 4127 2651 4184 qua:
2681 4111 2927 4180 videtur,
2963 4113 3061 4171 sed
3092 4115 3238 4185 quod
3262 4128 3371 4171 non
3396 4114 3551 4172 vide-

1952 4214 2072 4274 tur;
2106 4220 2171 4262 ac
2213 4220 2312 4276 per
2352 4204 2457 4261 hoc
2487 4204 2771 4263 credentes
2819 4206 3061 4276 praemiis
3102 4206 3371 4263 alliciendi
3399 4215 3550 4276 sunt,

1954 4300 2082 4371 quia
2126 4313 2246 4371 qua:
2274 4314 2383 4355 non
2408 4298 2600 4355 vident
2622 4306 2862 4369 sperant.
2900 4297 3046 4355 Nam
3077 4300 3218 4372 quod
3248 4299 3384 4356 uidet
3404 4301 3549 4374 quis,

1951 4393 2076 4466 quid
2100 4393 2316 4465 sperat?
2344 4391 2451 4450 Sed
2484 4393 2531 4449 si
2556 4393 2697 4463 quod
2726 4406 2831 4449 non
2862 4393 3096 4450 videmus
3125 4409 3427 4467 speramus,
3456 4410 3551 4467 per

1954 4486 2259 4557 patientiam
2296 4493 2674 4556 exspectamus.
2704 4482 2938 4541 Dubium
2971 4501 3084 4543 non
3106 4494 3194 4543 est
3228 4501 3294 4542 ea
3340 4487 3551 4558 sperari

1953 4584 2073 4647 rpite
2116 4590 2224 4632 non
2245 4575 2536 4632 videntur:
2579 4584 2965 4646 exspectantur
3006 4578 3155 4633 enim
3181 4576 3386 4633 futura.
3420 4576 3551 4635 Hae

1952 4667 2288 4739 exspectatio
2324 4665 2588 4738 patientia
2642 4673 2760 4734 est,
2799 4681 2922 4737 quae
2978 4667 3204 4723 mitium
3232 4676 3477 4725 meretur
3514 4684 3549 4725 a
3632 4692 3659 4742 ,5

1954 4761 2097 4827 Deo;
2131 4769 2192 4815 ut
2242 4761 2309 4817 de
2351 4760 2438 4816 die
2478 4759 2533 4814 in
2571 4758 2715 4816 diem
2764 4767 3089 4831 exspectans
3126 4759 3312 4831 cupiat
3361 4759 3551 4818 venire
3630 4748 3649 4831 ἓ

1957 4864 2181 4925 regnum
2222 4852 2351 4919 Dei,
2389 4860 2444 4908 et
2495 4866 2605 4908 non
2648 4852 2863 4908 dubitet
2918 4852 3045 4923 quia
3098 4852 3297 4910 tradet.
3345 4851 3548 4928 (θήῃ.)
3612 4848 3650 4909 ὶῗ.

1959 4946 2239 5015 Quomodo
2270 4954 2452 5003 autem
2481 4946 2537 5002 in
2566 4961 2661 5018 spe
2702 4946 2776 5003 sit
2801 4945 2947 5002 salus
2973 4960 3143 5018 :spes
3173 4959 3306 5003 vero
3332 4960 3441 5002 non
3468 4946 3546 5004 sit

1952 5042 2008 5097 in
2039 5040 2125 5096 liis
2165 5040 2342 5112 posita
2371 5042 2491 5110 quae
2531 5037 2807 5104 videntur,
2834 5040 2936 5093 sed
2970 5052 3093 5109 quae
3121 5051 3231 5094 non
3267 5035 3542 5106 videntur,

1942 5130 2058 5204 iam
2106 5133 2353 5204 superius
2404 5132 2740 5188 edocuimus.
2792 5130 2927 5186 Βιυά
2969 5129 3143 5187 solum
3178 5130 3421 5186 breviter
3445 5129 3544 5187 ad-

1954 5226 2162 5291 demus,
2192 5223 2335 5296 quod
2365 5236 2431 5280 ex
2454 5223 2541 5279 his
2562 5222 2923 5289 Semouibus,
2946 5229 3006 5279 et
3024 5236 3095 5279 ex
3122 5221 3228 5278 illis
3256 5220 3310 5277 in
3340 5210 3544 5293 quibus
3638 5270 3639 5279 χ

1950 5318 2116 5384 “dicit,
2145 5313 2269 5372 Non
2306 5316 2635 5388 respicientes
2672 5313 2771 5371 illa
2808 5326 2929 5388 quae
2967 5313 3246 5381 videntur,
3289 5313 3381 5369 sed
3423 5328 3542 5386 qua:

1954 5418 2059 5469 non
2095 5412 2357 5478 videntur,
2394 5410 2587 5467 edocet
2618 5424 2719 5466 nos
2752 5409 2815 5464 in
2850 5406 3050 5463 futuris
3085 5406 3247 5464 bonis
3280 5404 3419 5461 nihil
3448 5417 3544 5459 co-

1948 5520 2071 5561 rum
2103 5514 2222 5576 quae
2251 5516 2394 5560 nunc
2420 5502 2694 5569 videntur,
2733 5501 2818 5557 vel
2840 5498 3013 5557 videri
3048 5506 3293 5571 possunt,
3319 5508 3543 5565 sperare

1952 5597 2169 5664 debere,
2202 5597 2416 5652 etiarnsi
2437 5596 2637 5653 caelum
2668 5595 2852 5651 videas
2884 5591 3030 5650 istud
3064 5588 3296 5653 visibile,
3320 5585 3539 5641 etiamsi

1953 5698 2175 5746 terram.
2198 5689 2338 5744 Audi
2367 5689 2561 5754 dehis,
2595 5688 2719 5760 quia
2746 5685 2931 5744 coelum
2958 5693 3010 5740 et
3032 5692 3173 5738 terra
3198 5677 3538 5751 praeteribunt

1917 5843 1930 5854 ,
1953 5780 2600 5860 (Matth.xxrv),visibiiia
2622 5782 2767 5841 enim
2786 5786 2942 5849 sunt;
2970 5770 3189 5870 etquod
3215 5770 3387 5841 vides,
3408 5771 3541 5843 quid

3472 5916 3765 6233 ἐκ

1066 6316 1070 6320 λ
3514 6314 3517 6317 ,

3416 294 3563 354 1462
3652 322 3665 331 ο
