4000 6398
420 300 558 358 Ηϐτ
1049 294 1111 348 Β.
1153 287 1405 346 RABANI
1441 284 1662 345 MAURI
1696 282 2012 342 ARCHIEP.

2127 278 2361 339 )GUNT.
2400 277 2684 336 OPERUM
2722 276 2902 334 PARS
2930 276 3017 335 ιιι.
3579 276 3763 332 ηεξ

418 415 592 487 impiis
631 420 868 468 mortuus
907 394 981 465 est
992 424 1014 475 ;
1037 388 1257 463 sanctus
1280 412 1460 461 autem
1488 402 1723 475 Spiritus
1764 415 1870 456 non
1893 415 1991 470 pro
2017 401 2072 464 Α
2095 405 2155 451 ut
2178 409 2352 467 poenae
2380 396 2490 487 sint
2533 392 2697 487 etiam
2724 400 3098 487 peccatorum,
3130 391 3277 446 unde
3315 390 3555 447 dictum
3593 405 3695 448 es:
3748 413 3769 448 :

420 483 599 578 impiis
618 501 733 575 jam
753 492 1076 572 interpellat,
1105 497 1197 555 sed
1224 508 1325 570 pro
1351 496 1582 559 sanctis;
1610 502 1663 550 et
1694 492 1995 564 interpellat
2100 486 2345 545 Tradidit
2395 484 2512 540 illos
2563 484 2701 540 Deus
2749 486 2804 539 in
2833 483 3104 578 reprobam
3134 492 3385 578 mentem,
3418 495 3491 539 ut
3520 486 3771 556 faciant

420 574 527 655 non
555 574 848 653 secundum
873 606 1123 655 carnem,
1156 588 1249 645 sed
1284 588 1575 643 secundum
1612 586 1800 640 Deum.
1842 583 1999 638 Chri-
2099 598 2215 655 qua:
2245 595 2349 635 non
2392 580 2721 644 conveniunt,
2753 593 2859 632 non
2895 578 2968 632 ibi
3001 574 3284 647 peccatum
3330 576 3437 633 Dei
3478 587 3601 644 est,
3636 582 3760 635 sed

422 696 536 745 stus
584 695 762 743 autem
792 702 898 741 non
927 664 1222 739 secundum
1270 678 1439 734 Deum
1482 686 1728 732 mortuus
1774 674 1993 743 dicitur,
2095 670 2374 742 judicium.
2413 671 2675 740 Quocirca
2719 670 3121 741 pnedestinatio
3166 671 3259 728 Dei
3306 688 3437 743 qua:
3477 674 3544 729 in
3584 676 3759 731 bona

418 782 515 839 sed
551 779 844 835 secundum
877 776 1127 839 carnem;
1160 782 1215 828 et
1261 768 1380 827 ideo
1425 787 1531 826 non
1581 769 1759 824 verbis
1805 768 1999 824 offerre
2101 774 2205 831 est,
2252 765 2439 837 gratize
2494 771 2577 819 est
2620 764 2969 833 praeparatio;
3004 764 3176 835 gratia
3228 776 3366 820 vero
3412 777 3514 821 est
3551 767 3753 838 ipsius

423 870 618 927 dicitur
644 869 881 942 Spiritus
909 863 1368 935 interpellationes
1409 860 1508 932 pro
1539 860 2002 931 sanctis,sedgc-
2103 855 2591 928 prmdestinationis
2642 852 2882 909 effectus.
2920 853 3120 928 (Αηιὺ.)
3162 854 3302 911 Istos
3361 871 3519 927 quos
3582 872 3749 928 pm-

422 959 654 1025 mitibus,
676 968 857 1014 etnon
888 956 1261 1012 communibus
1294 954 1411 1009 istis
1436 954 1747 1023 gemitibus,
1780 953 1875 1007 sed
1920 953 1998 1004 iu-
2104 949 2262 1004 scivit
2287 949 2493 1003 futuros
2522 948 2743 1002 devotos
2768 944 2893 1011 sibi,
2938 942 3083 1016 ipsos
3136 946 3295 1018 elegit
3330 949 3402 1002 ad
3432 951 3745 1019 promissa

423 1048 826 1107 enarrabilibus.
855 1040 1133 1118 Quomodo
1165 1049 1306 1103 enim
1346 1046 1591 1101 enarrari
1636 1054 1815 1116 potest
1858 1044 2003 1115 quod
2103 1043 2325 1112 praemia
2364 1040 2724 1111 capessenda;
2772 1046 2828 1092 ut
2858 1038 2912 1093 hi
2942 1040 3031 1108 qui
3068 1034 3289 1095 credere
3332 1040 3745 1105 videntur,et

426 1139 660 1211 Spiritus
704 1132 795 1195 Dei
841 1139 1078 1209 loquitur
1131 1135 1274 1193 Deo?
1305 1152 1427 1192 cum
1464 1134 1736 1192 interdum
1782 1151 1847 1191 nc
1888 1126 2003 1205 ipse
2105 1152 2210 1190 non
2242 1141 2556 1204 permanent
2582 1132 2636 1185 in
2667 1130 2769 1186 ﬁde
2802 1140 3001 1200 cmpta,
3027 1145 3056 1184 a
3081 1128 3191 1185 Deo
3217 1129 3383 1189 electi
3415 1141 3736 1202 negentur,

424 1235 641 1304 quidem
676 1234 859 1289 noster
897 1234 1118 1304 spiritus
1149 1224 1294 1304 quod
1324 1232 1489 1289 sentit
1515 1240 1569 1288 et
1608 1232 1859 1304 intelligit
1890 1247 2005 1287 ser—
2105 1227 2231 1297 quia
2285 1241 2419 1295 quos
2473 1224 2614 1277 Deus
2657 1222 2850 1293 elegit,
2900 1219 3040 1291 apud
3092 1236 3149 1277 se
3200 1231 3574 1292 permanent.
3634 1223 3737 1277 Est.

431 1341 589 1381 mone
610 1324 778 1395 possit
799 1330 1088 1395 exponere.

496 1414 703 1473 Scimus
753 1413 926 1471 autem
969 1415 1219 1487 quoniam
1248 1415 1582 1486 diligentibus
1630 1414 1797 1470 Deum
1829 1415 2004 1470 omnia

424 1519 771 1579 cooperantur
804 1498 858 1560 in
902 1505 1114 1572 bonum,
1147 1506 1226 1561 Itis
1250 1507 1337 1578 qui
1364 1504 1646 1561 secundant
1683 1508 2005 1578 propositum

424 1600 591 1656 vocati
633 1610 754 1656 sunt
773 1601 961 1655 sancti.
1008 1600 1202 1671 (0rig.)
1232 1600 1289 1655 Si
1322 1592 1578 1670 Spiritus.
1621 1601 1811 1671 inquit,
1845 1598 2008 1655 inter-

2107 1317 2251 1374 enim
2291 1316 2383 1386 qui
2429 1317 2493 1371 ad
2541 1322 2752 1384 tempus
2798 1312 3036 1383 eligitur,
3071 1312 3212 1368 sicut
3242 1312 3377 1368 Sani
3432 1324 3495 1368 et.
3527 1313 3725 1381 ludas,

2105 1425 2211 1464 non
2235 1409 2299 1462 de
2329 1406 2665 1477 prmscientia
2727 1405 2820 1459 sed
2853 1406 2918 1459 de
2950 1403 3467 1473 prtesentijustitia.
3504 1403 3723 1475 (Θήρ.)

2107 1499 2238 1556 Illud
2262 1506 2442 1554 autem
2461 1494 2601 1567 quod
2625 1496 2719 1561 ait,
2737 1495 3027 1564 conformes
3039 1493 3153 1563 ﬁeri
3172 1494 3427 1564 imaginis
3446 1493 3599 1549 Filii
3620 1495 3728 1559 sui,

2107 1594 2227 1649 volo
2257 1592 2531 1663 requirere
2558 1589 2711 1658 cujus
2734 1590 2919 1645 forma:
2944 1590 3249 1644 conformes
3282 1588 3404 1644 ﬁeri
3432 1590 3727 1644 dicantur.

432 1696 586 1779 pellat
612 1714 712 1770 pro
752 1697 909 1754 nobis
952 1698 1238 1768 gemitibus
1276 1696 1747 1761 inonarrabilibus,
1791 1702 1845 1751 et
1889 1697 2007 1750 uni-
2108 1684 2359 1779 Legimus
2395 1683 2538 1779 enim
2583 1678 2776 1735 Filium
2826 1681 2920 1779 Dei
2954 1681 3240 1779 aliquando
3269 1679 3342 1779 in:
3367 1680 3565 1779 forma
3609 1681 3731 1779 Dei.

427 1772 585 1847 versa
632 1799 884 1846 creatura
937 1789 1312 1862 congemiscit,
1342 1800 1396 1846 et
1441 1789 1584 1844 dolet
1631 1805 1799 1859 usque
1845 1805 2006 1854 nunc,

2127 1776 2398 1845 iliquando
2431 1775 2483 1829 in
2511 1772 2681 1828 forma
2710 1774 2852 1828 servi
2877 1789 2995 1829 esse
3016 1774 3269 1843 positum.
3300 1772 3406 1829 Cui
3440 1790 3590 1847 ergo
3621 1776 3735 1831 ior-

426 1898 548 1954 quae
593 1864 912 1938 liberabitur
940 1890 1068 1938 tunc
1096 1883 1310 1938 demum
1345 1899 1372 1937 a
1413 1866 1673 1939 servitute
1709 1885 2012 1955 corrunptio-

2127 1887 2214 1925 nre
2241 1871 2429 1925 barum
2482 1864 2707 1924 duarum
2740 1867 3047 1924 conformes
3092 1869 3238 1924 dicat
3278 1871 3603 1939 Apostolus
3657 1872 3737 1927 fu.

342 2038 344 2040 ν
427 1973 543 2039 nis,
598 1978 719 2028 cum
770 1972 989 2029 libertas
1042 1973 1224 2044 gloriae
1277 1972 1509 2029 ﬁliorum
1563 1974 1663 2029 Dei
1712 1974 2008 2042 advenerit,

428 2060 698 2138 quomodo
735 2051 837 2122 non
884 2076 1251 2137 competenter
1290 2068 1728 2138 pronuntiabitur
1758 2068 1879 2139 quia
1911 2068 2013 2123 sci-

430 2142 552 2214 nius
574 2156 713 2227 quod
734 2157 1077 2230 diligentibus
1094 2158 1260 2213 Deum
1282 2160 1460 2214 omnia
1476 2168 1835 2228 cooperantur
1856 2159 1907 2212 in
1926 2157 2014 2213 bo-

428 2252 598 2308 num?
626 2251 683 2307 ln
720 2261 929 2307 tantum
962 2253 1104 2309 enim
1136 2246 1320 2309 omnia
1347 2262 1705 2324 cooperantur
1728 2254 1782 2308 in
1814 2253 2013 2309 bonum

429 2352 483 2400 et
512 2338 845 2420 collaborant
866 2336 951 2401 bis
973 2345 1064 2417 qui
1092 2342 1319 2417 diligunt
1342 2348 1525 2408 Deum,
1560 2355 1620 2400 ut
1646 2350 1701 2400 et
1720 2344 1831 2415 ipse
1856 2344 2018 2414 Spiri—

432 2430 522 2492 tus
550 2434 796 2507 adjuvet,
830 2432 930 2493 nec
974 2436 1292 2509 dedignetur
1330 2438 1507 2492 divina
1547 2430 1737 2492 natura
1765 2437 1868 2492 dux
1898 2452 2016 2493 esse

433 2522 642 2584 itineris
671 2524 737 2584 atl
758 2530 978 2584 bonum.
1009 2528 1194 2601 (Aug.)
1219 2528 1347 2584 Sine
1377 2524 1602 2583 Domino
1628 2529 1709 2584 vel
1740 2538 2012 2598 operante,

432 2604 491 2675 ut
512 2614 756 2684 velimus,
775 2614 857 2674 vel
880 2626 1221 2689 cooperante,
1237 2636 1359 2674 cum
1374 2620 1638 2686 volumus,
1662 2621 1728 2673 ad
1752 2604 1889 2675 bona
1908 2621 2021 2689 pic-

436 2708 558 2773 tatis
579 2706 738 2788 opera
780 2707 915 2770 nihil
962 2704 1222 2770 valemus.
1256 2715 1330 2770 De
1360 2716 1621 2786 operante
1670 2714 1758 2770 illo
1794 2725 1852 2769 ut
1889 2716 2019 2770 veli-

434 2796 555 2864 mus
584 2790 782 2864 dictum
818 2800 903 2863 est
934 2825 946 2861 :
984 2796 1119 2861 Deus
1148 2793 1285 2861 enim
1311 2792 1400 2879 qui
1439 2818 1685 2877 operatur
1712 2808 1765 2861 in
1789 2806 1932 2861 vobis
1972 2816 2019 2862 et

434 2899 560 2955 velle
589 2894 755 2967 (Phil.
792 2886 873 2970 εἰ).
906 2898 981 2953 De
1011 2887 1332 2969 cooperante
1366 2897 1454 2953 illo
1477 2914 1599 2953 cum
1617 2898 1727 2969 jam
1752 2897 2018 2965 volumus,

437 2980 492 3045 et
535 2982 767 3045 volendo
830 2990 1038 3063 agimus
1090 3007 1104 3043 :
1164 2980 1372 3045 scimus
1424 2990 1594 3052 enim,
1641 2990 1845 3061 inquit,
1899 3008 2023 3061 quo-

437 3084 579 3137 niam
608 3070 942 3151 diligentibus
970 3068 1138 3134 Deum
1168 3068 1342 3135 omnia
1373 3090 1720 3151 cooperantur
1749 3082 1804 3135 in
1833 3080 2022 3135 bonum

439 3173 618 3248 (Rom.
650 3174 789 3251 vni).
818 3170 958 3239 Quid
1003 3182 1086 3227 est
1123 3173 1455 3251 omnia,nisi
1480 3182 1534 3228 et
1560 3174 1704 3243 ipsas
1754 3162 2024 3230 terribiles

411 3264 716 3349 'sazvas‘q'uc
762 3252 1078 3349 passiones?
1122 3250 1588 3352 Sarcina’quippe
1632 3254 1773 3345 qius
1801 3264 2025 3321 inﬁrmi-

440 3340 535 3413 tati
564 3340 745 3427 gravis
773 3363 878 3422 est,
903 3344 1041 3435 levis
1063 3338 1298 3439 efﬁcitur
1322 3338 1596 3439 eharitati.
1636 3338 1854 3429 Talibus
1880 3348 2025 3411 enim

440 3448 699 3533 Dominus
747 3447 882 3533 dixit
932 3430 1053 3504 esse
1098 3427 1248 3533 suam
1294 3430 1565 3503 sarcinam
1616 3438 1807 3511 levem,
1851 3448 2026 3517 qualis

440 3522 603 3597 i’ctro
658 3524 790 3608 fuit,
821 3522 944 3596 cuin
971 3522 1165 3626 passus
1195 3524 1279 3594 est
1315 3556 1415 3610 pro
1443 3526 1691 3606 Christo,
1715 3555 1821 3594 non
1851 3540 2027 3609 qualis

441 3636 564 3704 fuit,
595 3621 812 3708 quando
852 3620 1066 3711 negavit
1111 3620 1403 3699 Christum.
1452 3620 1839 3690 [hereticorum
1887 3649 2025 3705 quo-

439 3745 547 3804 que
572 3730 943 3804 inquietudine
967 3738 1027 3785 ut
1051 3727 1357 3797 Scripturas
1378 3726 1688 3797 vigilantius
1714 3712 2024 3795 perscrut'e-

441 3802 586 3888 mur,
619 3802 759 3875 unde
804 3836 873 3874 ne
903 3819 1041 3874 oculi
1087 3817 1288 3873 Christi
1338 3804 1589 3883 noceant,
1625 3817 1704 3895 eis
1742 3810 1911 3889 possit
1937 3810 2029 3873 oc-

442 3898 891 3984 curri,tanquam
939 3913 1006 3967 de
1048 3904 1239 3967 somno
1266 3911 1491 3981 ignavia:
1516 3896 1713 3965 nostra:
1760 3896 2028 3966 circitatur

442 4005 747 4071 industria;
798 4006 870 4059 ita
918 4020 1015 4074 per
1063 4003 1413 4073 multiplicem
1459 3988 1685 4073 gratiam
1732 3988 2028 4057 salvatoris

444 4097 610 4151 etiam
642 4111 783 4165 quoa
811 4096 1062 4150 inimicus
1090 4096 1143 4149 in
1173 4078 1469 4166 perniciem
1496 4095 1859 4158 machinatur,
1879 4094 2029 4181 ‘Deus

444 4189 711 4245 convertit
734 4189 785 4243 in
811 4186 1161 4257 adjutorium.
1206 4186 1472 4253 Quoniam
1501 4186 1834 4257 diiigentibas
1860 4185 2029 4240 Deum

440 4282 623 4335 maia
670 4282 1018 4350 cooperantur
1062 4264 1356 4333 in'bOnum.
1409 4277 1616 4347 (Δηὼ.)
1647 4277 1749 4345 Qui
1795 4278 1896 4333 etsi
1929 4278 2032 4332 im-

445 4372 619 4442 perite
645 4370 847 4425 fuerint
877 4370 1249 4440 precati,‘non
1277 4367 1610 4432 illis‘oberit,
1630 4368 1759 4438 quia
1789 4367 2033 4438 proposit-

2117 1970 2266 2018 turos
2295 1978 2388 2018 eos
2437 1968 2528 2034 qui
2560 1961 2788 2032 diligunt
2812 1961 3000 2027 Deum,
3030 1971 3085 2016 et
3131 1962 3330 2032 quibus
3383 1965 3597 2019 omnia
3646 1980 3738 2021 co-

2114 2064 2409 2125 operantur
2459 2054 2511 2108 in
2566 2054 2795 2119 bonum,
2822 2068 2928 2106 non
2974 2052 3131 2107 otiosi
3164 2054 3296 2107 mibi
3338 2055 3583 2110 videtur
3614 2072 3738 2112 esse

2098 2144 2462 2205 .discriminis.
2492 2143 2741 2198 Arbitror
2780 2158 2910 2213 ergo
2939 2143 3231 2198 secundum
3264 2160 3327 2198 ca
3356 2161 3493 2214 quae
3520 2148 3577 2201 in
3615 2148 3740 2203 aliis

2117 2236 2257 2292 idem
2290 2237 2485 2290 Paulus
2517 2236 2779 2305 designat,
2809 2236 2897 2289 ubi
2948 2234 3079 2290 dicit
3115 2253 3129 2289 :
3164 2233 3351 2290 Filioli
3392 2242 3509 2293 mei
3532 2281 3549 2304 ,
3604 2259 3738 2311 quos

2118 2326 2304 2381 iterum
2347 2327 2607 2397 parturio,
2642 2326 2803 2380 donec
2855 2324 3108 2394 formetur
3154 2326 3401 2382 Christus
3466 2331 3534 2383 in
3594 2333 3739 2386 milis

2120 2414 2261 2488 (Gal.
2295 2418 2399 2488 tv),
2436 2418 2657 2471 formari
2687 2433 2740 2472 in
2794 2416 2878 2471 his
2914 2432 3004 2488 qm
3032 2417 3100 2473 ad
3143 2416 3564 2489 perfectionem
3623 2431 3740 2479 ten-

2117 2509 2252 2564 dunt
2287 2504 2562 2564 Christum
2600 2508 2777 2573 dicat,
2814 2511 3108 2565 secundum
3154 2511 3255 2566 hoc
3291 2512 3442 2580 quod
3484 2512 3741 2571 Verbum

2118 2608 2219 2666 est,
2258 2609 2316 2656 ut
2361 2601 2439 2655 eis
2472 2598 2630 2655 Verbi
2663 2598 2756 2655 Dei
2801 2601 3087 2656 sinceritas
3114 2600 3181 2656 ad
3219 2610 3419 2672 purum
3455 2604 3741 2661 informe-

2120 2699 2228 2758 tur,
2266 2701 2319 2746 et
2341 2692 2635 2747 secundum
2664 2692 2764 2746 hoc
2791 2693 2934 2762 quod
2966 2693 3168 2747 veritas
3196 2700 3296 2757 est,
3328 2702 3393 2748 ut
3419 2697 3653 2753 veritas
3686 2699 3740 2752 iu

2120 2781 2199 2837 eis
2255 2774 2459 2853 absque
2517 2780 2676 2837 ullius
2718 2781 2825 2838 fuci
2873 2772 3194 2840 admiStione
3246 2773 3611 2844 consistatet
3658 2806 3742 2846 se-

2122 2877 2356 2931 cundum
2406 2876 2506 2931 hoc
2539 2876 2685 2945 quod
2733 2876 2997 2945 sapientia
3036 2885 3139 2943 est,
3186 2884 3241 2933 ut
3290 2878 3587 2948 sapientia
3619 2885 3741 2939 ‘Dei

2123 2967 2175 3022 in
2219 2969 2298 3022 eis
2327 2965 2413 3030 sit,
2449 2965 2536 3021 illa
2560 2980 2721 3037 quam
2757 2967 2901 3023 inter
2939 2966 3211 3039 perfectos
3248 2968 3504 3042 loquitur
3530 2973 3742 3033 Paulus

2122 3074 2254 3129 pura
2285 3067 2339 3115 et
2383 3059 2586 3139 absque
2624 3058 2734 3113 ullo
2763 3056 2965 3114 erroris
2991 3058 3312 3117 diverticulo
3359 3077 3743 3123 conservetur

2050 3150 2098 3216 C
2128 3147 2219 3205 Sic
2255 3158 2303 3205 et
2358 3146 2651 3206 secundum
2684 3153 2869 3207 omnia
2924 3167 3045 3223 quae
3077 3153 3329 3211 Christus
3357 3164 3481 3221 est,
3507 3159 3609 3215 vel
3648 3163 3740 3232 ju-

2128 3242 2276 3297 stitia
2305 3241 2389 3297 vel
2420 3241 2776 3297 sanctiﬁcatio
2801 3243 2883 3298 vel
2914 3253 3123 3300 caeteras
3172 3254 3417 3317 quaequae
3467 3251 3738 3319 virtutes,

2127 3334 2172 3389 si
2202 3334 2255 3388 in
2281 3334 2361 3390 eis
2390 3332 2693 3390 formentur
2720 3328 2790 3391 ad
2832 3336 3117 3408 liquidum,
3147 3339 3238 3394 isti
3275 3341 3628 3400 videbuntur
3671 3348 3738 3402 ad

2129 3420 2273 3481 illam
2315 3425 2710 3496 formam,qua
2767 3429 2820 3484 in
2874 3426 3048 3485 forma
3097 3430 3191 3486 Dei
3249 3441 3364 3499 est,
3410 3436 3738 3494 conformes

2130 3512 2380 3588 imaginis
2405 3530 2526 3572 esse
2552 3516 2729 3572 effecti
2767 3517 2946 3589 (Rom.
2971 3518 3113 3592 vm).
3146 3520 3203 3576 Si
3233 3538 3362 3578 vero
3391 3525 3583 3582 adhuc
3616 3530 3739 3597 quis

2129 3607 2181 3661 in
2219 3607 2387 3663 initiis
2424 3617 2791 3674 conversetur,
2815 3610 3021 3666 initium
3048 3613 3232 3670 antem
3260 3615 3539 3686 sapientia:
3573 3621 3739 3675 timor

2129 3692 2225 3754 Dei
2276 3694 2348 3755 est
2382 3696 2605 3773 (Eccles.
2639 3720 2679 3769 ι,
2724 3699 2873 3758 Psal.
2907 3704 3028 3776 cx),
3083 3713 3143 3761 ut
3193 3706 3248 3762 in
3296 3709 3493 3764 timore
3545 3712 3736 3769 adhuc

2128 3794 2338 3867 positus
2364 3797 2539 3866 prima
2572 3794 2746 3853 cultus
2778 3797 2872 3854 Dei
2922 3790 3188 3856 elementa
3232 3803 3493 3873 suscipiat
3537 3821 3737 3862 secun-

2130 3886 2258 3941 dum
2288 3884 2517 3942 formam
2547 3888 2711 3955 servi,
2741 3904 2904 3959 quam
2943 3893 3182 3963 suscepit
3218 3892 3285 3948 ad
3318 3894 3417 3950 hoc
3444 3906 3510 3951 ut
3560 3899 3738 3955 rudes

2131 3984 2185 4032 et
2252 3978 2468 4049 ignaros
2514 3980 2763 4035 timorem
2814 3981 2913 4038 Dei
2970 3976 3205 4051 doceuct,
3243 3985 3554 4043 conformes
3612 3989 3734 4044 ﬁeri

2132 4070 2465 4142 intelligendi
2498 4082 2624 4127 sunt
2668 4074 2723 4130 bi
2775 4075 3076 4147 qui‘prima
3105 4078 3259 4133 initia
3294 4080 3348 4134 in
3378 4079 3472 4135 Dei
3526 4082 3737 4138 timore

2132 4166 2675 4245 suscipiunt.(Aug.)
2707 4152 2893 4225 Potest
2936 4182 2992 4226 et
3043 4168 3120 4227 Sic
3147 4168 3318 4245 accipi
3370 4182 3429 4228 ut
3467 4174 3737 4244 quemad-

2133 4259 2351 4314 modum
2388 4246 2547 4337 nobis
2565 4258 2673 4316 ille
2705 4261 3057 4331 mortalitate,
3092 4266 3163 4320 ita
3191 4280 3290 4321 nos
3318 4265 3394 4320 ilii
3426 4265 3733 4323 efﬁciamur

2134 4346 2543 4408 immortalitate
2576 4346 2886 4412 conformes
2918 4374 2931 4412 :
2959 4360 3103 4428 quod
3132 4346 3350 4429 quidem
3377 4354 3431 4415 et
3454 4363 3524 4415 ad
3550 4363 3734 4431 ipsum

451 4471 562 4524 tum
619 4463 795 4518 cordis
851 4461 1059 4516 illorum
1111 4462 1293 4517 sciens
1336 4462 1499 4526 Deus,
1534 4470 1591 4516 et
1624 4463 1893 4533 ignaviam
1918 4454 2026 4518 non

451 4550 552 4580 ιιιι-
606 4554 833 4580 ε..........ι
879 4554 967 4580 λης
1015 4540 1238 4580 ..Λευ-...η
1284 4544 1551 4580 “manu...
1615 4555 1798 4580 ,ΜΛ-λ..
1846 4554 2026 4580 .....‘...:.

2137 4436 2931 4521 resurreaionem'corporum
2976 4452 3237 4522 pertinet.
3287 4442 3485 4527 (Orig.)
3530 4454 3733 4511 Dreo

2141 4550 2321 4580 nnmm
2354 4543 2497 4580 num!
2552 4543 2684 4580 Αἰνίι
2731 4546 2987 4580 mmini-ini!
3040 4548 3105 4580 si
3146 4546 3532 4580 ηᾱ-ωήρροδηηιεο
3593 4554 3732 4580 iniln

449 4550 554 4614 illis
604 4554 837 4625 imputat
874 4554 968 4625 Qui
1012 4540 1240 4609 adversa
1284 4544 1587 4624 postulant,
1615 4555 1801 4619 sed'ea
1846 4554 2039 4609 annuit

2140 4550 2321 4598 autem
2354 4543 2499 4614 quod
2551 4543 2687 4599 dixit
2731 4546 3105 4614 ρνωδεὶυίε,“ετ
3142 4533 3566 4617 praedestinavit,
3593 4554 3733 4619 puto

447 4663 569 4720 qua:
595 4624 768 4701 danda
804 4624 931 4701 sunt
960 4643 1128 4701 Deum
1155 4645 1481 4700 amantibus.
1506 4644 1658 4701 Unde
1682 4653 1737 4700 et
1781 4646 2026 4701 Dominus

2139 4636 2283 4706 quod
2329 4637 2470 4691 sicut
2505 4650 2612 4691 non
2658 4636 2725 4692 de
2757 4624 3188 4705 omnibusdiiit,
3224 4626 3329 4711 qui
3358 4636 3730 4712 prae‘destinati

444 4746 563 4794 ait:
597 4736 739 4802 Scit,
790 4732 991 4806 inquit,
1046 4732 1209 4790 Pater
1256 4740 1419 4790 vester
1462 4736 1588 4817 quid
1634 4726 1773 4790 robii
1804 4734 1933 4823 opus
1968 4737 2026 4790 sit

2139 4735 2307 4815 Sunt:
2350 4724 2425 4783 ita
2452 4742 2553 4784 nec
2584 4730 2943 4785 tlet'omuibus
2989 4730 3309 4802 dixit,'quos
3351 4736 3623 4803 prcescivit
3663 4754 3731 4795 ac

446 4840 728 4901 antequam
754 4828 939 4898 petatis
963 4826 1029 4880 ab
1052 4843 1112 4880 eo
1138 4824 1352 4897 (Matth.
1384 4826 1479 4897 vt).
1506 4827 1568 4882 Hi
1591 4841 1719 4897 ergo
1743 4820 2039 4883 secundum
2139 4821 2565 4894 przedestinavit.‘
2582 4821 2699 4877 Non
2727 4824 2871 4878 enim
2899 4824 3191 4879 secundum
3216 4832 3557 4883 communem
3584 4830 3728 4902 vulgi

449 4920 783 4993 propositum
806 4925 1082 4984 vocantur,
1106 4933 1243 4987 quos
1263 4916 1545 4973 credentes
1562 4918 1777 4989 praescii
1798 4921 1938 4975 Dens
1958 4919 2041 4974 fu-

453 5000 606 5069 turos
633 5012 732 5070 sibi
766 5013 1007 5078 idoneos,
1039 5020 1100 5067 ut
1122 5020 1409 5081 antequam
1446 5011 1733 5066 crederent
1751 5011 2036 5067 sci‘rentur.

448 5140 449 5147 η
528 5103 669 5159 Nam
694 5119 823 5175 quos
843 5104 1101 5173 pmseivit
1121 5102 1575 5173 etprwdestinat'it
1598 5101 1891 5172 conformes
1925 5103 2044 5171 ﬁeri

453 5195 698 5264 imaginis
749 5194 877 5250 Εὔιἱὶ
909 5196 1013 5251 sui.
1067 5191 1249 5267 (Aug)
1301 5186 1707 5248 Prmdestina‘tio
1758 5190 1873 5259 est,
1921 5208 2041 5265 quae

455 5284 576 5341 sine
602 5285 939 5355 prtescientia
979 5299 1084 5340 non
1113 5291 1294 5355 potest
1322 5296 1472 5347 esse;
1502 5290 1683 5359 potest
1708 5292 1889 5337 autem
1921 5296 2042 5338 esse

457 5374 583 5435 sine
628 5376 1097 5447 prmdestinatione
1144 5376 1502 5449 praescientia.
1560 5374 2043 5453 Pluedestinatione

455 5473 661 5545 quippe
676 5468 826 5523 Deus
855 5484 920 5524 ea
961 5471 1225 5539 prrescivit
1253 5484 1375 5540 quae
1410 5468 1589 5524 fuerat
1624 5469 1741 5538 ipse
1776 5467 2037 5526 facturus.

460 5565 615 5624 Unde
633 5563 835 5619 dictum
866 5572 971 5626 est,
994 5562 1137 5619 Fecit
1161 5580 1277 5636 qua:
1300 5565 1480 5635 futura
1506 5572 1647 5619 sunt.
1672 5563 1928 5622 Przescire
1949 5570 2040 5620 att-

456 5664 570 5714 tem
586 5664 760 5730 potest
773 5656 935 5712 etiam
958 5668 1077 5724 quae
1096 5655 1206 5725 ipse
1218 5670 1327 5711 non
1348 5656 1479 5712 facit
1502 5675 1514 5711 :
1539 5657 1679 5714 sicut
1692 5670 2043 5729 quaecunque

461 5758 721 5823 peccata:
743 5750 872 5826 quia
889 5746 993 5810 etsi
1013 5752 1139 5810 sunt
1152 5748 1557 5825 quaedamque
1575 5750 1652 5814 ita
1674 5759 1899 5825 peccata
1914 5759 2046 5815 sunt

2142 4904 2473 4999 opinionem'
2503 4904 2799 4984 putandum
2846 4924 2928 4971 est
2980 4917 3122 4999 bona
3172 4916 3422 4990 malaque
3471 4925 3731 4992 praescire

2143 5003 2347 5070 Deum;
2381 5003 2472 5059 sed
2520 5005 2816 5060 secundum
2847 5005 3140 5078 Scriptura:
3187 5018 3391 5065 sancta:
3436 5023 3729 5066 consuetu-

2143 5094 2326 5151 dinem
2354 5097 2695 5153 sentiendum
2724 5107 2826 5153 est.
2859 5095 3120 5154 Observet
3152 5096 3296 5155 enim
3325 5082 3416 5172 qui
3452 5101 3729 5158 studiosus

2143 5197 2227 5245 est
2267 5190 2321 5244 in
2356 5178 2684 5259 Scripturis,
2710 5190 2885 5247 sicubi
2908 5191 3112 5247 invenit
3148 5191 3490 5262 Scripturam
3520 5190 3724 5260 dicere,

2144 5282 2269 5352 quia
2299 5282 2469 5337 malos
2508 5282 2810 5354 praescierit
2850 5284 3014 5351 Deus,
3060 5284 3198 5340 sicut
3237 5284 3290 5339 in
3322 5287 3578 5357 pnesenti
3609 5285 3726 5341 loco

2146 5376 2212 5431 de
2239 5374 2395 5430 bonis
2417 5372 2704 5430 manifeste
2730 5370 2879 5441 dicit,
2906 5377 3031 5446 quia
3059 5388 3189 5447 quos
3211 5377 3471 5447 praesciuit
3502 5387 3551 5432 et
3590 5392 3728 5446 pm-

2144 5465 2420 5520 destinavit
2459 5464 2748 5535 conformes
2783 5465 2898 5535 ﬁeri
2926 5466 3169 5538 imaginis
3201 5466 3335 5521 Filii
3364 5468 3467 5522 sui.
3494 5464 3726 5523 Si'enim

2145 5570 2281 5631 quos
2309 5558 2584 5630 praescivlt
2600 5599 2615 5624 ,
2640 5559 2740 5615 hos
2762 5558 2817 5613 et
2844 5559 3246 5628 pmdesunavit
3274 5556 3728 5615 conformes‘esse

2148 5652 2397 5727 imaginis
2422 5653 2546 5709 Filii
2574 5653 2679 5719 sui,
2702 5651 2888 5708 nullus
2914 5660 3095 5709 autem
3120 5652 3292 5709 nialus
3317 5652 3614 5711 conformis
3636 5666 3730 5723 po-

2144 5756 2256 5813 test
2266 5760 2396 5813 esse
2417 5746 2669 5822 intagiuis
2694 5738 2821 5809 Filii
2837 5747 2935 5809 Dei
2955 5788 2972 5821 ,
2999 5745 3347 5810 manifestam
3372 5750 3467 5808 est
3498 5742 3628 5821 qui":
3662 5742 3731 5805 de

350 6072 413 6111 ’χ
3462 6090 3677 6133 λημ-
