4000 6398
440 341 570 401 tm
1025 324 1680 392 τίῆιῐίΛΒΑΝιηΜριυῐὲι
1713 288 2038 383 Ακοιιιιεςρλ
2072 313 2382 381 uocum.
2424 315 2710 376 ορειιυιι
2747 315 2927 377 PARS
2965 315 3057 372 ιιι..
3156 339 3161 346 .
3220 399 3224 401 Α
3589 309 3784 370 ,τη

428 453 664 525 quadam
685 445 1054 520 appellatione
1087 445 1140 499 in
1170 444 1276 502 hoc
1301 453 1580 504 sermone,
1616 438 1670 493 id
1697 445 1802 502 est,
1835 436 1889 489 in
1917 446 2011 488 co-
2037 433 2091 505 Α
2113 429 2681 530 scientia-sentiamus,
2708 443 2817 485 non
2846 437 3143 530 prapterea
3170 435 3277 485 erit
3309 425 3575 530 aliquid,
3587 426 3780 530 quia

427 519 743 608 gnoscendo
766 539 844 596 uti
868 537 1032 594 solet:
1057 535 1204 594 velut
1223 549 1349 590 cum
1371 532 1503 592 dicit
1530 555 1545 585 ;
1573 528 1822 599 Cognovit
1843 534 2017 580 autem
2119 523 2171 578 id
2199 523 2302 580 scit
2328 522 2471 580 Deus
2493 521 2730 578 futurum
2759 539 2774 575 ε
2805 521 2899 576 sed
2923 521 3046 592 (illia
3071 519 3308 576 Ῑυιιιτιηη
3336 527 3442 582 θεῖν
3474 519 3695 576 εθίωτ
3725 535 3772 581 τι

433 634 866 690 Αάωηινωονοιη
894 647 1046 685 suam
1087 625 1278 699 (Gem.
1313 623 1434 695 iv),
1478 637 1688 696 pro~eo
1725 629 1795 676 ut
1837 618 2016 682 dicat,
2119 616 2530 686 Deoantequam
2554 612 2666 668 ﬁat.
2681 612 2818 670 Nam
2838 621 2900 715 et
2912 611 3360 715 si,.verhig'ratia,
3376 611 3764 715 fingeremus

433 728 702 784 admisms
743 735 830 784 est
865 724 1036 781 uxori
1069 737 1200 779 suae.
1238 721 1305 784 Et
1335 721 1537 773 iterum
1567 716 1634 770 de
1661 711 2021 770 Rebeccadi-
2120 708 2287 766 Deum
2316 723 2422 762 non
2457 720 2796 807 praenoscere
2833 704 3057 775 aliquid,
3109 702 3350 807 futurum
3375 703 3764 807 sine-Adultus

437 821 510 876 cit
537 840 552 874 :
596 817 750 889 Virgo
774 826 890 873 erat
915 857 930 880 ,
957 818 1038 869 vir
1067 830 1168 867 non
1197 817 1502 881 cognoverat
1522 823 1638 862 eam
1665 803 1818 878 (Gen.
1845 802 2016 873 uiv).
2120 809 2236 858 erat
2263 801 2406 872 quod
2433 808 2538 864 est,
2571 800 2642 854 ita
2669 807 2728 853 ut
2751 806 2836 854 est
2859 817 2878 852 :
2901 807 2957 852 ut
2992 805 3138 868 puta,
3165 796 3333 852 ludas
3358 797 3636 866 proditor
3669 794 3762 848 fa-

435 907 690 966 Sedetde
715 907 840 964 [iliis
854 905 984 962 Levi
1011 905 1231 968 dicitur,
1255 899 1842 969 cunrpraavaricatores
1865 895 2021 966 puni.
2121 900 2362 956 ctusest,
2391 902 2446 947 et
2475 893 2580 948 hoc
2609 891 2682 946 ita
2731 890 2970 945 futurum
3009 891 3286 992 propheta:
3305 889 3754 992 praedixerunt.

439 1009 588 1062 rent,
618 1001 762 1071 .quia
794 1015 897 1053 non
929 995 1224 1066 cognoverit.
1255 991 1611 1062 ventosquisque
1631 998 1834 1060 patrem
1865 1001 2022 1041 suum
2121 983 2397 1084 Nomento
2428 985 2552 1054 quia
2582 984 2860 1084 prophetae
2887 983 3271 1052 praedixerunt,
3303 981 3518 1084 idcirco
3547 981 3757 1051 prodis

437 1103 530 1148 aut
560 1103 778 1148 malum:
815 1107 965 1144 suam
991 1087 1134 1160 (Leu.
1170 1086 1306 1157 xix).
1343 1087 1409 1141 lu.
1443 1099 1551 1155 quo
1577 1084 1693 1139 sine
1725 1082 1898 1137 dubio.
1920 1081 2024 1136 hoc
2239 1073 2433 1138 Judas;
2478 1075 2570 1175 sed
2597 1074 2729 1175 quia
2777 1071 2990 1175 futurus
3023 1082 3168 1128 esset
3194 1072 3470 1141 proditor.
3499 1087 3576 1126 ea

438 1184 763 1247 ostenditur,
784 1182 907 1252 quia
949 1196 1054 1234 non
1093 1179 1281 1249 iunxit.
1304 1176 1560 1232 allectum
1584 1190 1744 1230 suum
1787 1182 1838 1228 et
1870 1189 2026 1228 aruo-
2126 1164 2213 1220 ille
2247 1177 2316 1220 ex
2349 1165 2609 1236 propositi
2639 1164 2723 1219 sui
2755 1164 2994 1232 nequitia
3035 1175 3284 1233 gesturus
3303 1174 3427 1218 erat
3457 1164 3755 1232 pandite-

439 1291 559 1333 rem
581 1290 703 1330 cum
741 1284 892 1342 patre
935 1271 1019 1326 vel
1049 1279 1240 1326 matre.
1283 1268 1390 1324 Sed
1431 1277 1485 1323 et
1528 1268 1695 1320 multa
1731 1265 2023 1321 secundum
2125 1268 2245 1314 runt
2283 1260 2598 1330 prophetae:
2640 1274 2770 1358 cum
2807 1261 2993 1358 utique
3019 1255 3184 1358 ludas
3231 1259 3285 1358 in
3326 1265 3628 1358 potestate

439 1365 582 1420 hunc
604 1377 820 1422 sensum
851 1361 904 1416 iu
933 1361 1231 1431 Scripturis
1260 1360 1328 1414 de
1365 1357 1741 1426 cognoscendo
1781 1355 2026 1410 invenies
2123 1351 2330 1405 buisset
2357 1360 2417 1402 ut
2439 1360 2584 1404 esset
2610 1349 2803 1404 similis
2827 1349 2987 1403 Petro
3009 1356 3066 1402 et
3091 1345 3308 1411 Joanni,
3339 1347 3384 1402 si
3415 1347 3750 1402 voluisset:

438 1455 612 1510 dicta:
645 1462 702 1508 et
726 1453 846 1509 ideo
865 1453 1030 1506 etiam
1062 1451 1114 1505 in
1143 1450 1400 1522 prteSeuti
1422 1449 1538 1504 loco
1565 1455 1780 1504 constat
1803 1445 2027 1515 Apostoh
2127 1443 2236 1496 sed
2258 1441 2419 1512 elegit
2462 1441 2704 1511 pecuniae
2732 1440 3079 1509 cupiditatem
3103 1439 3276 1508 magis
3313 1453 3486 1506 quam
3517 1448 3758 1506 aposto-

437 1547 548 1601 lum
585 1545 876 1601 secundum
916 1542 1210 1612 Scriptura:
1257 1556 1426 1596 sacrae
1467 1538 1908 1594 consuetudinem
1941 1549 2029 1590 co-
2128 1532 2214 1588 lici
2240 1532 2498 1588 consortii
2525 1532 2785 1603 gloriam:
2813 1541 2866 1584 et
2895 1531 3032 1586 banc
3067 1529 3184 1599 ejus
3207 1529 3560 1584 voluntatem
3598 1530 3758 1584 {utn-

437 1635 730 1711 gnoscendi
778 1636 1020 1708 posuisse
1070 1649 1396 1697 sermonem,
1447 1642 1507 1687 ut
1551 1631 1670 1687 illos
1716 1628 2029 1683 ostenderet
2130 1640 2245 1678 ram
2265 1623 2618 1694 prievidentes
2634 1621 3516 1724 propliethibrorutntradidere
3548 1635 3764 1724 unone-.-

438 1731 801 1804 prapcognitos
837 1745 866 1784 a
892 1729 1024 1794 Deo,
1067 1729 1119 1783 in
1147 1728 1366 1798 quibus,
1397 1727 1576 1780 sciens
1608 1723 1795 1794 quales
1823 1729 2022 1784 essent,
2061 1795 2102 1814 n
2133 1715 2348 1814 mentis.
2381 1713 2452 1770 Ut
2474 1721 2654 1814 autem
2687 1713 2828 1768 scias
2863 1713 3120 1814 quia-non
3155 1711 3612 1814 inp-nescientis

441 1795 682 1880 amorem
742 1839 898 1878 suum
954 1823 1130 1886 Deus,
1163 1795 1540 1888 effectumque
1583 1816 1886 1886 posuisset,
1937 1828 2027 1869 se-
2129 1807 2418 1876 unicuique
2461 1806 2650 1861 salutis
2691 1821 2854 1861 causa
2880 1805 3116 1874 ponitur,
3147 1806 3239 1860 sed
3275 1805 3326 1858 iu
3364 1805 3684 1874 proposito
3711 1812 3769 1858 et

441 1915 676 1970 cundum
717 1913 846 1968 illud
891 1913 1033 1982 quod
1063 1911 1323 1982 scriptum
1371 1918 1453 1963 est
1489 1927 1504 1961 :
1555 1907 1804 1978 Cognovit
1853 1905 2030 1960 Domi—
2130 1898 2342 1952 actibus
2386 1897 2522 1962 suis,
2567 1897 2690 1952 vide
2735 1896 2957 1950 Paulum
3001 1905 3279 1950 verentem
3316 1911 3386 1949 ne
3431 1894 3591 1950 forte
3633 1911 3768 1950 cum

443 2010 542 2059 nus
575 2019 661 2059 eos
690 2004 780 2074 qui
802 2010 921 2056 sunt
952 2001 1102 2071 ejus:
1129 2018 1250 2056 cum
1277 2001 1462 2070 utique
1493 2007 1750 2069 quantum
1778 1998 1844 2052 ad
1867 1997 2028 2051 istam
2134 1987 2254 2042 aliis
2280 1987 2680 2058 Ρνῖὲάίοῆνθτίιν
2705 1988 2821 2058 ipse
2844 1987 3106 2058 FCPI‘OIJUS
3136 1985 3426 2052 θαίοίίιίιπν
3451 2002 3771 2043 “iaC-cm“!

443 2110 784 2154 communem
819 2093 1101 2150 scientiam
1133 2092 1389 2164 pertinet,
1417 2093 1559 2146 Deus
1588 2105 1692 2144 non
1733 2089 1906 2144 solum
1937 2102 2032 2142 eos
2131 2094 2330 2148 corpus
2355 2093 2535 2144 suum.
2557 2088 2614 2132 et
2633 2078 2902 2148 subjicere
2921 2077 3191 2134 servituti.
3225 2077 3420 2132 Adhuc
3445 2080 3770 2134 adversum

445 2188 538 2259 qui
565 2188 648 2245 sui
681 2195 826 2252 sunt,
858 2187 952 2242 sed
980 2195 1037 2242 et
1057 2201 1152 2242 eos
1193 2185 1284 2255 qui
1311 2192 1497 2240 errant
1519 2199 1547 2237 a
1577 2199 1636 2240 se
1666 2198 1772 2237 non
1798 2181 2027 2252 ignoret.
2133 2187 2228 2275 ξοδ
2247 2172 2338 2242 (Illi
2370 2172 2525 2227 “0M5
2571 2169 3247 2275 llulf'SmOdin‘inmS‘iones
3290 2173 3767 2275 ηξογέηξλθίίθφ

445 2279 555 2336 Sed
578 2279 895 2350 cognovisse
929 2293 1055 2334 suos
1104 2277 1322 2344 dicitur,
1357 2277 1460 2332 hoc
1499 2285 1602 2341 est,
1649 2276 1704 2330 in
1747 2275 2032 2330 dilectione
2134 2264 2586 2365 ἣωοιροξδυῐῐξυδ
2631 2263 2849 2317 dicere:
2883 2261 2940 2317 Si
2981 2277 3116 2332 quos
3158 2263 3457 2365 Ρηξείξίῑν
3517 2263 3659 2365 ξξιοε
3711 2273 3758 2319 α

446 2369 701 2426 habuisse
750 2368 961 2439 sibique
1017 2368 1274 2424 sociasse.
1325 2366 1402 2421 Ita
1459 2381 1590 2437 ergo
1629 2383 1759 2436 quos
1805 2363 2033 2445 ρηυεοίξε
2135 2353 2572 2424 praedestinavit;
2603 2368 2709 2458 non
2729 2360 2909 2408 autem
2929 2367 3120 2460 omnes
3139 2353 3758 2460 praedestinavitz‘ergo

451 2462 612 2528 Deus,
645 2460 766 2517 illos
812 2470 860 2517 et
884 2461 1304 2532 ρτωάεειίηαυξι,
1356 2468 1404 2513 et
1444 2473 1572 2530 quos
1620 2456 2031 2528 pra’destinavtt,
2137 2463 2241 2502 non
2266 2461 2456 2501 omnes
2487 2446 2727 2517 przesciit
2763 2463 2778 2500 :
2812 2455 2870 2502 et
2892 2446 3189 2502 secundum
3218 2462 3336 2510 e08.
3359 2458 3541 2503 erunt
3573 2449 3756 2515 aliqua

447 2554 566 2610 illos
596 2547 644 2610 et
686 2553 884 2608 vocavit
903 2595 918 2618 ,
963 2562 1011 2607 et
1040 2569 1171 2625 quo:
1200 2551 1436 2616 vocavit,
1470 2548 1589 2602 illos
1623 2559 1671 2602 et
1706 2547 2032 2616 iustiﬁcavit.
2136 2553 2256 2607 qua:
2277 2537 2488 2608 ignoret
2512 2538 2675 2593 Denso
2702 2535 2760 2592 Si
2789 2552 2917 2592 νθΓο
2946 2553 3286 2608 Ρνεέηοδοθΐε
3305 2541 3633 2595 secundum
3663 2543 3760 2612 ῒιρε

449 2646 710 2718 Superest
746 2643 900 2700 nobis
933 2644 1110 2700 adhuc
1143 2643 1286 2698 illius
1319 2639 1632 2711 quaestionis
1661 2639 1875 2702 solutio,
1898 2652 2029 2707 quo-

2153 2628 2434 2698 tccipiatur
2457 2628 2600 2698 quod
2622 2643 2786 2697 supra
2810 2628 3064 2695 diximus,
3112 2631 3218 2684 hoc
3249 2637 3357 2695 est,
3383 2631 3443 2684 in
3487 2630 3760 2688 affectum

449 2739 612 2794 modo
654 2754 785 2809 quos
815 2737 1036 2801 vocarit,
1078 2734 1198 2790 illo:
1234 2743 1280 2788 et
1302 2732 1641 2802 justi/ienuit,
1683 2745 1805 2784 cum
1843 2743 2036 2784 secun-
2137 2719 2381 2790 recipere
2409 2719 2622 2789 sibique
2651 2720 2894 2784 sociare.
2933 2735 3122 2775 verum
3153 2720 3260 2775 θΐίι
3292 2721 3422 2792 (lilia
3457 2722 3623 2778 Sicut
3660 2741 3762 2781 non

449 2833 575 2886 dum
602 2845 664 2884 ea
685 2844 805 2900 qua:
831 2843 992 2899 supra
1037 2826 1272 2882 diximus
1309 2831 1522 2879 constet
1551 2821 1746 2886 multos
1779 2833 1901 2874 esse
1943 2833 2040 2873 νο-
2139 2814 2896 2916 omnespnedestinavitaita
2927 2829 3104 2884 neque
3129 2829 3318 2916 omnes
3347 2821 3758 2889 praecognovit.

450 2928 622 2984 catos,
655 2933 852 2990 paucos
889 2927 1066 2972 autem
1095 2916 1315 2971 electos.
1365 2913 1472 2969 Sed
1509 2912 1723 2966 videtur
1761 2909 1892 2965 mihi
1919 2923 2040 2964 esse
2142 2905 2232 2960 Sic
2270 2905 2413 2960 enim
2447 2914 2502 2960 et
2523 2903 2682 2982 Jesus
2709 2905 2906 2960 dicitur
2941 2921 3043 2959 non
3071 2906 3390 2974 cognovisse
3427 2918 3758 2976 peccatum.

451 3013 696 3083 quietiam
726 2997 1026 3066 vocationis
1056 3008 1380 3072 differentia,
1415 3005 1708 3062 secundum
1737 3002 1866 3056 illud
1894 2999 2039 3072 quod
2141 2995 2519 3067 Nunquidnam
2546 2997 2790 3051 dicemus
2817 2997 2943 3066 quia
2971 2997 3226 3052 nescierit
3250 2997 3408 3053 Jesus
3437 3001 3582 3070 quid
3616 3015 3764 3058 esset

453 3103 507 3156 in
537 3101 816 3170 superiore
852 3099 1088 3170 capitulo
1132 3097 1502 3168 exposuimus,
1539 3094 1664 3164 quia
1703 3108 1891 3147 omnes
1921 3092 2040 3160 qui—
2069 3153 2110 3170 ﬂ
2142 3091 2561 3160 peccatum,hoc
2577 3091 3448 3159 est,quianescierithomicidium
3463 3107 3762 3164 peccatum

455 3193 576 3248 dem
602 3153 786 3246 vocati
812 3153 958 3252 suni,
1004 3204 1108 3244 non
1147 3153 1326 3242 tamen
1367 3202 1554 3241 omnes
1595 3185 1879 3238 secundum
1915 3199 2038 3252 pro-
2065 3153 2110 3216 Ο
2143 3195 2284 3248 esse,
2321 3181 2403 3236 vel
2435 3181 2779 3247 adulterium,
2814 3181 2896 3236 vel
2933 3181 3156 3248 furtum,
3185 3191 3242 3238 et
3283 3183 3368 3239 bis
3395 3184 3654 3240 similia?
3685 3189 3760 3242 An

451 3283 679 3354 positum
703 3281 881 3336 vocati
917 3289 1062 3336 sunt.
1093 3276 1228 3333 Nam
1271 3277 1324 3332 hi
1351 3276 1443 3347 qui
1475 3275 1768 3330 secundum
1791 3274 2038 3344 proposi-
2146 3271 2250 3327 hoc
2281 3279 2364 3327 est
2385 3272 2528 3342 quod
2550 3271 2753 3328 dicitur
2789 3273 3002 3328 nescire
3041 3281 3344 3344 peccatum,
3370 3277 3501 3345 quia
3526 3287 3762 3347 peccato

457 3380 571 3426 tum
602 3372 799 3426 bonum
821 3360 850 3434 ς’
874 3378 932 3426 et
967 3370 1164 3425 bonam
1195 3368 1527 3424 voluntatem
1569 3381 1733 3436 quam
1764 3366 1909 3420 circa
1946 3366 2038 3420 Dei
2145 3378 2204 3419 se
2224 3379 2329 3418 non
2358 3363 2596 3429 miscuit,
2621 3379 2796 3435 neque
2844 3365 3072 3420 adhaesit
3118 3365 3172 3422 ei
3197 3375 3488 3436 peccatum
3507 3367 3533 3420 ?
3571 3366 3674 3424 Sic
3707 3379 3760 3426 et

457 3461 660 3518 cultum
703 3467 924 3533 ‘gerunt,
966 3467 1260 3525 vocantur,
1304 3458 1406 3530 ipsi
1448 3465 1575 3514 sunt
1613 3457 1705 3528 qui
1753 3457 2039 3510 secundant
2143 3456 2270 3512 alibi
2301 3458 2564 3526 scriptum
2590 3467 2673 3512 est
2709 3475 2722 3510 :
2754 3455 2860 3523 Qui
2887 3467 3058 3512 servat
3090 3457 3423 3524 mandatum,
3453 3476 3564 3514 non
3596 3477 3760 3532 agno-

455 3555 778 3629 propositum
814 3553 988 3610 vocati
1023 3553 1277 3608 dicuntur
1303 3569 1318 3606 :
1343 3560 1398 3607 et
1447 3551 1534 3606 isti
1577 3557 1706 3605 sunt
1739 3549 1832 3618 qui
1865 3547 2041 3603 vocati
2142 3557 2248 3602 seet
2288 3549 2497 3602 verbum
2527 3547 2758 3614 malum,
2787 3548 2892 3604 hoc
2927 3557 3043 3615 est,
3087 3563 3198 3604 non
3245 3549 3472 3620 recipiet
3523 3556 3757 3608 verba

449 3645 836 3718 justifieautur.
887 3645 1037 3700 Bono
1093 3643 1238 3699 enim
1294 3657 1484 3698 eorum
1534 3639 1810 3712 proposito
1855 3639 2043 3694 deerat
2145 3640 2368 3706 malum,
2408 3655 2514 3694 non
2541 3641 2745 3706 credet,
2777 3657 2885 3696 non
2921 3641 3153 3697 libenter
3180 3642 3380 3708 audiet,
3427 3657 3617 3709 neque
3667 3647 3758 3702 ad-

455 3737 571 3793 sola
597 3738 828 3792 vacatio.
860 3733 927 3790 Hi
952 3748 1084 3790 vero
1105 3733 1196 3804 qui
1227 3747 1336 3788 non
1366 3731 1570 3788 habent
1595 3733 1796 3787 bonum
1841 3729 2038 3784 ﬁxum-
2143 3729 2324 3784 mittet
2367 3729 2576 3800 ingredi
2605 3738 2841 3786 mentem
2872 3747 3048 3786 suam.
3079 3732 3228 3800 Quos
3275 3748 3406 3804 ergo
3445 3739 3754 3792 secundum

453 3845 561 3902 que
585 3828 942 3900 propositum,
976 3825 1064 3882 vel
1090 3840 1217 3898 erga
1259 3824 1501 3880 divinum
1544 3823 1768 3885 cultum,
1789 3821 1877 3877 vel
1913 3835 2041 3892 erga
2147 3824 2292 3879 hunc
2319 3823 2495 3878 locum
2539 3824 2757 3894 praescii
2791 3824 2955 3891 Deus,
3002 3825 3120 3882 illos
3165 3835 3221 3881 et
3269 3827 3666 3897 praedestinat;
3702 3841 3754 3888 et

455 3936 590 3992 Opus
616 3921 840 3984 bonum,
869 3925 1133 3974 vocantur
1160 3917 1376 3986 quidem
1403 3924 1457 3971 et
1497 3915 1619 3986 ipsi,
1664 3930 1732 3969 ne
1768 3913 1850 3969 eis
1875 3927 2042 3967 excu-
2144 3929 2282 3984 quos
2301 3915 2672 3990 prtedestinat,
2699 3915 2816 3971 illos
2842 3925 2898 3970 et
2926 3925 3102 3983 vocat,
3135 3933 3201 3973 ea
3225 3919 3537 3976 vocationis
3563 3922 3754 3978 distin-

456 4011 594 4067 satio
625 4011 986 4081 relinquatur;
1015 4017 1070 4064 et
1104 4009 1224 4064 lucc
1269 4009 1383 4079 ipsa
1424 4007 1632 4078 possint
1668 4005 1884 4062 causari
1918 4019 2043 4060 cum
2147 4006 2326 4060 ctione
2349 4021 2452 4074 qua
2482 4006 2746 4062 diximus:
2781 4015 2837 4062 et
2861 4023 2999 4080 quos
3030 4017 3206 4075 vocat,
3235 4009 3356 4066 illos
3374 4019 3429 4066 et
3446 4010 3747 4081 justiticat;

453 4101 786 4173 iudicantur.
831 4100 970 4168 Quia
997 4107 1052 4155 et
1073 4114 1174 4154 nos
1203 4099 1250 4155 si
1289 4099 1465 4155 vocati
1497 4097 1806 4162 fuissemus,
1832 4097 2045 4168 potuis-
2145 4106 2202 4154 et
2239 4111 2377 4168 quos
2406 4097 2692 4166 justifieat,
2749 4099 2870 4156 illos
2917 4110 2974 4156 et
3019 4100 3304 4174 gloriﬁcat.
3360 4102 3438 4158 De
3476 4104 3749 4174 gloriﬁca-

457 4205 640 4247 semus
660 4191 847 4262 utique
867 4189 1180 4261 iustiﬁcari,
1205 4198 1260 4245 et
1284 4205 1391 4245 non
1419 4189 1592 4246 solum
1615 4189 1922 4260 iustificari,
1951 4188 2047 4244 sed
2149 4190 2292 4245 tione
2323 4205 2611 4260 possumus
2653 4203 2707 4246 ct
2744 4192 2797 4248 in
2835 4194 3087 4264 przeseuti
3117 4195 3312 4251 saculo
3353 4199 3651 4253 secundum
3687 4199 3750 4254 il-

459 4294 516 4341 et
536 4284 844 4356 gloriﬁcari.
875 4284 999 4338 Ideo
1023 4296 1154 4353 ergo
1181 4291 1443 4338 vocantur
1465 4281 1680 4352 quidem
1708 4289 1764 4338 et
1793 4281 1928 4353 ipsi;
1951 4281 2047 4336 sed
2145 4279 2237 4336 lud
2265 4281 2584 4354 intelligere,
2613 4285 2757 4354 quod
2781 4286 2914 4340 dicit
2933 4287 3261 4356 Apostolus:
3295 4287 3409 4343 Nos
3430 4301 3604 4344 autem
3634 4307 3749 4346 om-

462 4378 617 4447 quasi
643 4377 698 4430 in
735 4385 950 4445 petrosa
988 4374 1286 4430 seminetur
1313 4389 1520 4438 semen,
1561 4374 1670 4428 cito
1696 4374 1912 4443 quidem
1951 4387 2047 4428 ex-
2147 4385 2238 4425 nes
2268 4372 2494 4426 revelata
2518 4371 2656 4441 [acie
2687 4373 2911 4444 gloriam
2934 4373 3149 4430 Domini
3181 4379 3532 4447 speculantes,
3561 4383 3744 4437 eadem

462 4467 667 4532 oritur;
707 4466 1044 4521 increscente
1097 4473 1280 4520 autem
1305 4465 1709 4522 tribulationum
1753 4464 1886 4530 sole,
1916 4464 2044 4548 quia
2072 4507 2124 4568 Β
2147 4460 2378 4532 imagine
2401 4463 2846 4534 transformamur
2878 4483 2911 4519 a
2938 4465 3107 4537 gloria
3133 4467 3189 4522 in
3209 4469 3463 4539 gloriam,
3491 4481 3745 4544 tanquam

458 4575 568 4618 non
603 4557 802 4615 habent
827 4556 992 4612 altam
1023 4557 1261 4614 radicem
1303 4557 1428 4613 boni
1465 4557 1752 4629 propositi,
1785 4543 2054 4617 continuo,
2072 4543 2123 4568 υ
2149 4570 2181 4606 a
2205 4551 2417 4608 Domini
2445 4553 2679 4625 spiritus.
2699 4554 2795 4610 Est
2821 4571 2952 4628 ergo
2980 4565 3035 4613 et
3055 4559 3170 4614 haec
3201 4559 3372 4630 gloria
3397 4578 3559 4633 quam
3583 4543 3748 4634 justi-

457 4660 714 4707 arescunt
756 4658 815 4706 et
857 4658 1106 4722 pereunt.
1152 4649 1220 4705 Et
1259 4650 1359 4722 ipsi
1419 4657 1546 4705 sunt
1581 4650 1646 4706 de
1674 4651 1870 4721 quibus
1911 4652 2044 4708 dicit
2151 4643 2294 4700 “cali
2318 4647 2519 4716 quique
2565 4647 2618 4702 in
2651 4650 2904 4717 praesenti
2929 4649 3046 4704 vita
3077 4652 3409 4723 percipiunt;
3451 4665 3534 4710 est
3569 4668 3622 4712 et
3651 4659 3743 4715 illa

439 4741 782 4815 ‘Apomlusg
817 4739 931 4808 Qui.
961 4741 1405 4812 naufragaverum
1453 4759 1488 4796 a
1539 4741 1645 4812 ﬁde
1691 4741 1744 4814 (1
1793 4741 1928 4798 Tim.
1975 4743 2040 4814 ι),
2149 4752 2269 4805 qua:
2297 4743 2548 4808 speratur
2581 4737 2634 4792 in
2666 4737 2868 4806 futuro,
2901 4755 3024 4796 cum
3057 4755 3254 4812 corpus
3292 4745 3396 4799 hoc
3423 4745 3743 4804 humisitatis

458 4834 607 4902 Quos
629 4847 758 4904 ergo
777 4831 1012 4896 vocavit,
1035 4831 1090 4886 id
1109 4839 1212 4897 est,
1236 4845 1371 4902 quos
1391 4831 1687 4888 secundum
1705 4833 2042 4903 propositum

458 4926 585 4982 boui
628 4925 870 4990 vocavit,
914 4925 1034 4980 illos
1076 4924 1484 4995 etjustilicavit.
1511 4925 1667 4994 Quod
1695 4937 1750 4981 et
1775 4926 1821 4981 si
1847 4939 2042 4982 secun-

457 5016 588 5071 dum
611 5015 944 5086 propositum
971 5015 1035 5070 ad
1060 5015 1228 5071 Deum
1268 5013 1556 5080 referatur,
1587 5017 1692 5072 hoc
1724 5025 1827 5080 est,
1857 5025 1918 5071 ut
1953 5029 2044 5072 se-

459 5105 694 5160 cundum
712 5105 1048 5176 propositum
1080 5105 1199 5170 Dei,
1235 5105 1328 5176 qui
1350 5106 1531 5161 sciens
1557 5105 1612 5160 in
1631 5105 1712 5162 eis
1732 5106 2042 5178 religiosam

450 5203 720 5262 mentem,
759 5205 814 5252 et
833 5198 1022 5254 salinis
1051 5199 1230 5254 inesse
1256 5199 1604 5265 desiderium,
1634 5201 1808 5257 vocati
1847 5201 2042 5257 dicun-

460 5296 568 5350 tur,
600 5291 710 5340 non
737 5287 1008 5344 videbitur
1041 5289 1128 5345 his
1162 5304 1283 5360 qum
1334 5291 1684 5360 exposuimus
1728 5292 1892 5348 etiam
1940 5292 2044 5348 hoc

457 5377 983 5434 essecontrarium.
1037 5378 1152 5436 Hoc
1196 5393 1326 5452 ergo
1368 5385 1530 5452 pacto
1585 5397 1759 5452 neque
1800 5382 1854 5437 in
1904 5397 2044 5454 prae-

431 5468 683 5530 ,seientia
713 5466 810 5522 Dei
847 5469 931 5524 vel
967 5471 1157 5528 salutis
1181 5473 1266 5528 vel
1296 5473 1616 5544 perditionis
1653 5485 1852 5530 nostra:
1880 5472 2042 5532 causa

457 5561 738 5627 munistit;
765 5573 940 5632 neque
964 5559 1367 5629 iustiﬁcatioex
1390 5565 1501 5621 sola
1534 5553 1818 5622 vocatione
1843 5569 2043 5637 pende-

459 5650 580 5715 bit.
620 5662 802 5723 neque
841 5649 1132 5722 glorificari
1176 5655 1244 5710 de
1293 5667 1478 5713 nostra
1507 5658 1734 5729 penitus
1775 5667 2042 5730 potestate

462 5742 736 5801 sublatum
749 5753 860 5804 est.
887 5745 1023 5803 Nam
1047 5754 1108 5804 et
1123 5746 1170 5803 si
1194 5751 1478 5806 communi-
1509 5751 1786 5809 intellectu
1808 5752 1882 5810 de
1897 5767 2040 5826 prac-

2149 4835 2348 4882 nostrae
2381 4828 2524 4897 quod
2555 4831 2847 4884 seminatur
2875 4830 2930 4885 in
2961 4833 3309 4901 contumelia,
3340 4848 3513 4906 surget
3543 4839 3598 4890 in
3621 4837 3738 4908 glo-

2146 4923 2228 4976 ria
2255 4935 2274 4974 :
2297 4930 2499 4978 etcum
2527 4925 2661 4977 sicut
2691 4923 2800 4978 alia
2828 4923 2999 4995 gloria
3019 4926 3166 4994 solis,
3192 4926 3301 4982 alia
3319 4928 3490 4999 gloria
3508 4929 3666 4994 luntr,
3686 4941 3738 4984 et

2145 5009 2253 5065 alia
2277 5010 2448 5082 gloria
2479 5011 2780 5077 stellarum,
2811 5024 2860 5068 et
2880 5014 3032 5070 stella
3059 5016 3123 5070 ab
3154 5015 3305 5072 stella
3333 5019 3513 5090 diﬂ'ert
3546 5019 3601 5075 in
3627 5019 3736 5091 glo-

2146 5101 2248 5166 ria,
2275 5101 2351 5154 ita
2374 5103 2470 5156 erit
2491 5110 2538 5156 et
2567 5104 2882 5160 resurrectio
2906 5117 3260 5162 mortuorum.

2217 5188 2358 5258 Quid
2384 5209 2506 5264 ergo
2531 5194 2765 5249 dicemus
2794 5196 2864 5249 ad
2889 5198 3000 5252 lucc
3016 5199 3042 5252 .’
3063 5197 3125 5252 Si
3149 5197 3290 5254 Deus
3309 5215 3405 5270 pro
3432 5202 3600 5267 nobis,
3621 5203 3734 5273 quis

2145 5293 2328 5340 contra
2342 5301 2434 5340 nos
2449 5286 2476 5340 Ρ
2489 5287 2595 5352 Qui
2605 5287 2762 5342 etiam
2783 5285 2922 5344 Filio
2935 5307 3030 5346 suo
3043 5295 3254 5362 proprio
3269 5309 3372 5348 non
3386 5297 3631 5368 pepercit.
3645 5296 3734 5350 sed

2147 5393 2242 5450 pro
2263 5378 2409 5434 nobis
2435 5376 2674 5436 omnibus
2709 5383 2927 5438 tradidit
2947 5383 3094 5439 illum
3120 5428 3134 5451 ,
3168 5389 3430 5459 quomodo
3453 5405 3556 5443 non
3579 5391 3731 5443 etiam

2149 5471 2266 5525 cum
2296 5470 2389 5526 illo
2415 5476 2592 5528 omnia
2618 5474 2767 5528 nobis
2789 5475 3044 5531 donabit?
3065 5476 3261 5552 (Orig.)
3299 5481 3440 5536 Deus
3469 5479 3734 5552 quomodo

2147 5557 2252 5632 pro
2273 5563 2429 5618 nobis
2459 5562 2530 5618 sit
2557 5563 2904 5620 manifestum
2928 5571 3012 5622 est
3038 5582 3105 5622 ex
3128 5568 3212 5623 his
3237 5582 3356 5640 qua:
3384 5585 3545 5640 supra
3571 5585 3727 5643 espo-

2147 5661 2278 5725 suit,
2324 5658 2376 5712 id
2415 5665 2518 5720 est,
2558 5657 2703 5728 quod
2734 5655 2969 5728 Spiritus
3003 5659 3096 5715 Dei
3134 5657 3340 5716 habitat
3370 5656 3424 5716 in
3469 5659 3653 5724 nobis;
3683 5671 3735 5715 et

2147 5751 2294 5824 quod
2331 5743 2574 5824 Spiritus
2587 5739 2825 5821 ‘Christl,
2851 5752 2937 5810 vel
2963 5747 3212 5812 Christus
3237 5754 3292 5811 in
3323 5747 3485 5814 nobis
3509 5745 3628 5820 est;
3654 5749 3733 5812 vel

3469 6089 3488 6114 ι⁸
3509 6087 3528 6102 .
3817 6089 3830 6106 ³

3323 6217 3330 6222 .
3441 6213 3446 6216 .
3467 6089 3942 6316 vi

3107 6281 3114 6286 .
3337 6245 3392 6286 Ἴ
3425 6231 3446 6240 ⁴
