2000 3199
271 140 339 167 4.181
402 139 409 145 '
606 130 1089 165 ΒῘΒΑΒΑΝΓΜΑΠΒΓΑΒΟΗΙΕΡΣ
1107 129 1426 164 ΜΟΕΙΙΝΤῘΟΡΕΒΗΜ
1442 133 1532 162 PARS
1550 133 1593 161 ill.
1855 133 1937 162 1488

267 199 413 226 admissum
428 198 516 225 scelus
529 197 688 232 pmnitentia
699 202 799 231 motus,
817 197 913 233 laqueo
926 197 1009 224 vitam
1024 194 1055 223 ﬁ—
1071 189 1096 226 Ᾱ
1109 195 1157 223 ﬁlii
1173 196 1233 229 Dei,
1249 197 1295 223 sed
1315 193 1423 230 qui'ﬁlii
1448 198 1511 221 sunt
1528 193 1761 229 repromissionis,
1777 193 1836 221 isti
1854 194 1939 222 πεδῆ-
1984 223 1987 233 Δ

266 244 345 275 nivit,
362 250 415 271 non
429 243 501 270 enim
520 246 609 277 potest
623 243 649 270 in
665 243 755 277 aliquo
767 251 847 270 omne
866 243 965 270 bonum
981 242 1056 277 peni-
1109 245 1218 268 mantur
1237 242 1264 268 in
1286 241 1399 268 semine.
1424 240 1458 267 Et
1472 241 1523 267 hoc
1538 245 1592 266 nou
1614 239 1884 268 solum-inissa:
1909 245 1938 267 et

266 295 310 317 tus
333 289 470 317 obliterari
486 290 602 325 :quippe
625 297 686 317 cum
705 294 802 317 natura
821 297 875 316 non
891 292 982 323 posset
1007 289 1056 315 im-
1107 287 1203 315 lsmael
1216 307 1224 319 ,
1239 287 1370 314 accidisse
1382 286 1583 318 convincimus,
1598 285 1742 313 sed'etiam
1757 287 1789 313 in
1809 287 1937 315 duobus

265 336 376 368 mutari,
394 336 441 363 sed
454 335 589 368 voluntas,
604 336 696 363 nonin
713 336 837 363 omnibus
852 339 941 362 tamen
955 334 1056 367 causis,
1109 333 1239 360 Rebecca:
1255 332 1333 363 ﬁliis,
1347 332 1417 358 Esau
1443 335 1471 358 ct
1488 330 1588 363 Iacob,
1613 339 1730 366 quorum
1759 332 1849 360 alter
1878 333 1935 360 ab-

264 382 328 416 quia
339 386 463 409 remanet
477 382 504 408 in
515 383 703 417 natura,quod
714 382 868 409 testimonio
880 382 914 409 sit
927 382 1054 409 creatori.
1105 379 1204 414 jectus,
1221 378 1290 404 alter
1302 377 1404 404 electus
1417 380 1468 404 cst.
1485 375 1519 403 Et
1541 376 1594 404 hoc
1615 381 1700 404 totum
1725 378 1813 409 dicit,
1837 382 1877 405 ut
1902 379 1932 406 iu

303 427 373 460 Quid
382 436 443 462 ergo
457 427 587 454 dicemus?
601 428 718 462 nunquid
731 428 854 461 iniquitas
869 428 939 463 apud
951 427 1056 454 Deum?
1107 424 1242 459 prioribus
1257 422 1395 454 fratribus,
1413 422 1508 449 lsmael
1521 426 1548 450 et
1562 422 1632 450 Esau
1650 423 1784 458 populum
1802 423 1930 451 Judae-

264 473 349 499 Absit.
364 471 462 507 (Hien)
478 471 553 505 Quod
577 472 710 506 signiﬁcet
739 472 803 499 illud
824 472 895 506 quod
919 472 1056 506 apostolus
1108 479 1168 498 rum
1183 470 1316 504 abjectum
1329 478 1390 497 esse
1401 469 1580 504 signiﬁcet.ln
1591 470 1795 505 posterioribus
1808 476 1927 502 autem.

264 517 365 545 Paulus
382 517 501 551 disputat
526 517 559 543 ad
583 516 719 544 Romanos
742 517 878 549 scribens,
906 517 976 549 Quid
996 525 1056 551 ergo

264 564 402 591 dicemus!
425 563 542 599 nunquid
565 563 689 598 iniquitas
704 568 742 590 est
755 564 824 598 apud
842 563 948 590 Deum?
963 563 1054 595 Absit,

265 617 351 644 usque
363 609 396 636 ad
412 608 501 636 locum
517 608 563 635 ubi
579 608 616 635 ait
631 616 638 635 :
654 607 715 635 Nisi
731 608 857 634 Dominus
877 607 992 634 Sabaoth
1017 616 1056 634 re-

265 654 381 689 liquisset
397 653 472 680 uobis
487 661 575 680 semen
587 673 594 684 ,
618 653 684 679 sicut
704 652 819 680 Sodoma
839 652 904 686 [acti
921 660 1035 679 essemus
1047 671 1055 684 ,

263 704 286 726 et
302 700 367 726 sicut
389 699 536 726 Gomorrlta
555 699 653 726 similes
667 699 805 733 fuissemus
819 708 828 726 .'
846 699 934 726 omnis
947 699 1056 734 quidem

263 746 298 772 ad
320 745 458 772 Romanos
479 744 598 779 Epistola
622 745 844 779 interpretatione
877 745 1001 779 indiget,
1029 748 1057 771 et

265 790 347 817 tantis
359 789 570 817 obscuritatibus
587 789 705 816 involuta
721 794 777 822 est,
792 793 821 816 ut
837 790 864 817 in
883 789 1055 824 intelligenda

262 843 295 862 ca
310 835 428 870 Spiritus
443 835 530 862 sancti
549 835 719 870 indigeamus
731 835 842 867 auxilio,
860 836 905 870 qui
923 843 971 870 per
985 836 1056 869 Apo-

263 882 363 909 stolum
388 882 445 908 haec
462 881 519 915 ipsa
542 880 663 908 dictavit.
687 881 739 907 Sed
756 881 890 916 praecipue
909 881 984 908 locus
1000 881 1054 913 hic,

264 928 290 955 in
310 936 364 962 quo
382 927 493 962 quidam
513 927 635 954 volentes
659 927 706 954 Dei
731 934 841 954 servare
863 926 995 960 justitiam
1022 934 1056 953 ex

262 973 480 1009 praecedentibus
497 973 597 1004 causis,
618 972 712 1000 dicunt
729 972 844 1000 eiectum
863 972 890 999 in
908 976 986 999 utero
1004 972 1057 999 Re-

263 1020 354 1046 beccae
368 1017 462 1050 Jacob,
486 1023 513 1045 et
538 1018 671 1053 abjectum
691 1018 760 1045 Esau
774 1038 781 1050 ,
796 1017 866 1045 sicut
879 1017 1009 1045 Jeremias
1029 1020 1057 1044 et

263 1065 386 1099 Baptista
400 1063 518 1092 Joannes
533 1064 668 1099 eliguntur
684 1064 711 1090 in
727 1068 814 1095 utero,
831 1068 858 1090 et
870 1063 927 1097 ipse
942 1063 1057 1097 Apostty

264 1110 307 1138 lus
329 1110 429 1137 Paulus
451 1110 659 1144 praedestinatur
683 1110 709 1136 in
736 1109 881 1143 Evangelio
911 1113 1056 1142 antequam

261 1160 400 1184 nascatur.
420 1155 502 1183 Nobis
527 1159 616 1182 autem
638 1155 705 1182 nihil
726 1155 822 1189 placet,
841 1154 892 1181 nisi
916 1155 986 1188 quod
1012 1161 1056 1181 ec-

264 1202 445 1230 clesiasticum
461 1205 524 1232 est;
546 1205 572 1227 et
591 1200 697 1235 publice
713 1200 740 1226 in
754 1199 874 1227 Ecclesia
898 1199 987 1226 dicere
1002 1206 1056 1226 non

263 1248 400 1279 timemus,
414 1255 448 1274 ne
459 1245 541 1280 .juxta
554 1245 735 1281 Pythagoram
747 1250 774 1272 et
788 1245 924 1272 Platonem
938 1249 964 1271 et
976 1244 1057 1271 disci-

262 1294 340 1328 pulos
353 1301 456 1323 eorum,
471 1293 516 1327 qui
529 1292 579 1319 sub
592 1292 701 1319 nomine
715 1291 870 1318 Christiano
883 1291 1057 1318 introducunt

264 1341 360 1374 dogma
377 1338 534 1373 gentilium,
559 1338 680 1365 dicamus
704 1337 808 1364 animus
835 1336 925 1370 lapsas
946 1343 1005 1363 esse
1023 1336 1056 1363 de

262 1384 342 1416 caelo,
361 1389 389 1411 et
409 1391 458 1418 pro
478 1383 636 1410 diversitate
656 1383 814 1409 meritorum
833 1382 859 1408 in
875 1382 934 1413 his,
949 1381 990 1408 vel
1003 1381 1056 1408 illis

262 1432 422 1466 corporibus
446 1438 540 1465 ptenas
564 1431 735 1465 antiquorum
760 1430 835 1457 luere
858 1434 1032 1465 peccatorum
1046 1450 1054 1462 ,

262 1478 401 1512 multoque
419 1477 515 1504 melius
535 1481 577 1503 est
598 1476 755 1511 simpliciter
778 1476 941 1510 imperitiam
970 1476 1056 1503 conﬁ-

263 1524 324 1554 teri,
339 1528 366 1550 et
381 1524 451 1550 inter
465 1527 563 1550 czetera
576 1531 636 1557 quae
651 1524 787 1550 nescimus
807 1523 887 1550 etiam
911 1522 990 1556 hujus
1003 1523 1055 1550 loci

1091 527 1093 530 ί
1108 517 1160 544 hoc
1177 520 1229 548 cst,
1244 516 1319 543 Isaac
1333 520 1361 543 et
1378 516 1462 543 Iacob
1475 516 1589 544 electum
1611 516 1743 551 populum
1764 518 1906 552 gentium
1920 540 1926 549 ,

1107 562 1150 590 vel
1161 570 1218 594 eos,
1231 562 1276 597 qui
1287 569 1321 589 ex
1337 561 1447 594 Judaeis,
1460 562 1486 588 in
1507 561 1644 589 Christum
1659 563 1798 590 credituri
1826 569 1925 591 erant.

1108 607 1142 635 Et
1157 607 1283 642 quoniam
1297 608 1349 634 hoc
1367 607 1459 634 volens
1472 607 1621 641 approbare
1636 613 1830 642 proposuerat
1844 610 1927 636 testi-

1108 653 1229 680 monium
1249 652 1418 679 nascentium
1433 653 1600 687 geminorum
1614 652 1684 680 Esau
1697 658 1724 680 ct
1740 653 1838 682 Jat‘ob
1854 676 1863 687 ,
1892 656 1925 683 de

1108 698 1205 733 quibus
1220 698 1350 732 scriptum
1367 702 1418 729 est,
1431 697 1518 732 major
1530 698 1621 725 serviet
1637 699 1749 731 minori.
1764 704 1797 726 et
1814 700 1846 727 in
1864 700 1923 727 Ma-

1108 743 1196 770 lachia
1211 743 1325 778 legimus
1341 752 1347 769 :
1362 742 1444 770 Iacob
1467 743 1560 776 dilexi,
1587 743 1660 770 Esau
1675 748 1768 771 autem
1790 744 1859 772 odia
1876 747 1925 772 ka-

1084 790 1087 792 '
1109 789 1152 816 bui
1172 788 1250 824 (Mal.
1266 788 1309 824 ι),
1325 789 1477 816 venientem
1496 797 1511 815 a
1531 789 1617 817 latere
1635 791 1825 824 questionem
1844 801 1924 820 more

1110 843 1159 863 suo
1173 835 1298 870 proponit
1313 840 1341 862 et
1358 835 1476 867 disserit,
1496 839 1524 863 et
1546 836 1597 863 hac
1610 837 1695 864 soluta
1713 839 1877 866 revertitur
1892 840 1924 865 ad

1071 872 1136 907 Bid
1161 880 1194 907 de
1217 887 1270 915 quo
1298 884 1419 914 cmperat
1446 880 1594 915 disputare.
1618 880 1646 907 Si
1670 881 1743 909 Esau
1774 888 1807 910 et
1835 883 1924 910 Jacob

1111 927 1226 954 necdum
1250 931 1328 953 erant
1347 927 1423 959 nati,
1439 931 1485 953 aut
1502 927 1602 961 aliquid
1628 927 1751 962 egissent
1778 929 1849 956 lioni
1877 935 1923 955 aut

1110 973 1184 1004 mali,
1201 977 1231 1000 ut
1244 978 1467 1008 promererentur
1486 973 1569 1001 Deum
1583 995 1590 1006 ,
1605 974 1647 1001 vel
1669 974 1852 1002 olTenderonl
1866 997 1874 1008 ,
1896 981 1921 1002 et

1110 1019 1207 1047 electio
1218 1027 1310 1046 eorum
1325 1024 1404 1054 atque
1419 1019 1534 1054 abjectio
1546 1027 1598 1047 non
1617 1021 1713 1048 merita
1725 1022 1919 1056 singulorum,

1111 1065 1158 1092 sed
1169 1065 1336 1092 voluntatem
1347 1065 1473 1100 eligentis
1484 1069 1512 1092 et
1528 1065 1683 1100 abjicientis
1694 1068 1839 1100 ostendit,
1855 1068 1918 1102 quid

1110 1118 1174 1146 ergo
1198 1112 1333 1143 dicemus,
1357 1111 1466 1145 iniquus
1493 1116 1534 1139 est
1554 1112 1647 1139 Deus?
1666 1114 1829 1140 secundum
1857 1114 1918 1141 illud

1110 1157 1263 1192 exemplum
1282 1158 1353 1192 quod
1375 1157 1495 1192 loquitur
1516 1159 1548 1186 ad
1579 1159 1687 1194 Moysen
1710 1168 1718 1187 :
1743 1160 1915 1190 Miserebor.

1110 1204 1153 1230 cui
1181 1204 1301 1230 misertus
1325 1204 1420 1238 fuero;
1436 1210 1459 1231 et
1480 1205 1688 1232 misericordiam
1708 1209 1855 1240 pra'stabo
1878 1208 1918 1234 rei

1110 1249 1361 1284 miserebor(Emod.
1378 1250 1486 1285 XXXI").
1502 1250 1530 1278 Si
1546 1251 1606 1283 hoc,
1624 1252 1722 1286 inquit,
1738 1255 1895 1289 recipimus
1907 1276 1914 1285 ,

1110 1299 1141 1322 ut
1161 1295 1242 1322 faciat
1263 1295 1334 1323 Deus
1358 1297 1537 1331 quodcunque
1556 1297 1671 1324 voluerit
1692 1298 1804 1333 absque
1820 1301 1915 1327 merito

1110 1345 1137 1368 et
1149 1342 1285 1376 operibus,
1301 1342 1343 1369 vel
1358 1342 1440 1378 eligat
1453 1343 1569 1377 aliquem
1582 1344 1625 1370 vel
1641 1344 1815 1372 condemnet
1828 1368 1836 1377 ,
1854 1355 1915 1383 ergo

1111 1394 1163 1413 non
1177 1391 1213 1413 est
1227 1387 1348 1420 uolentis,
1366 1395 1447 1422 neque
1459 1389 1589 1415 currentis
1600 1409 1607 1421 ,
1623 1389 1669 1416 sed
1683 1390 1846 1418 miserantis
1859 1392 1913 1422 Dei,

1111 1432 1240 1464 maxime,
1255 1440 1317 1460 cum
1333 1434 1426 1460 eadem
1442 1433 1594 1468 Scriptura,
1608 1435 1724 1468 hocest,
1738 1437 1819 1464 idem
1836 1439 1911 1469 Deus,

1111 1476 1236 1511 loquatur
1248 1478 1281 1504 ad
1299 1477 1511 1506 Pharaonem'in
1526 1480 1574 1506 hoc
1587 1480 1672 1515 ipsum
1685 1482 1803 1509 excitari
1830 1490 1867 1514 te,
1889 1489 1913 1510 at

1111 1522 1246 1549 ostendam
1260 1523 1287 1549 in
1301 1527 1326 1550 te
1339 1524 1459 1551 virtutem
1470 1533 1570 1558 nicum,
1586 1531 1609 1552 et
1625 1527 1805 1555 annuntietur
1822 1539 1913 1556 natura

264 1568 459 1596 obscuritatem
483 1568 615 1602 refugere.
638 1568 762 1600 Quandiu
781 1568 905 1595 volumus
930 1568 977 1595 Dei
993 1576 1057 1602 pro-
1072 1553 1094 1584 Ο
1111 1576 1196 1594 meum
1211 1568 1239 1594 in
1251 1569 1373 1596 uniuersa
1387 1573 1470 1602 terra,
1482 1571 1505 1598 si
1520 1571 1571 1598 hoc
1585 1572 1622 1598 ita
1634 1577 1707 1599 esset
1721 1594 1727 1605 ,
1744 1581 1799 1608 pro
1817 1576 1913 1602 volun-

262 1614 328 1641 bare
347 1613 481 1648 justitiam
495 1633 502 1645 ,
518 1613 644 1640 Basilidis
666 1617 692 1640 et
721 1613 860 1640 Manichtei
874 1614 998 1641 haeresim
1012 1614 1057 1640 de-

263 1658 389 1690 fendere,
414 1663 442 1685 et
467 1659 557 1685 lberas
582 1658 684 1685 nzenias
707 1658 896 1693 [Egyptiorum
932 1663 1056 1693 portenta

262 1704 371 1731 sectari.
388 1703 516 1730 Dicamus
537 1703 632 1738 igitur,
646 1707 676 1729 ut
695 1710 839 1737 possumus
853 1707 879 1730 et
894 1702 1057 1737 Apostoliczc

261 1750 408 1777 voluntatis
420 1753 567 1783 sequentes
577 1749 702 1784 vestigia,
722 1757 756 1776 ne
770 1753 871 1783 puncto
884 1749 1005 1783 quidem,
1028 1754 1057 1776 ut

264 1796 374 1829 dicitur,
390 1799 472 1830 atque
485 1804 574 1831 ungue
588 1800 755 1827 transverso,
775 1795 808 1822 ab
830 1795 901 1822 illius
914 1795 1056 1822 sententiis

262 1842 432 1872 recedamus,
440 1841 553 1868 ﬂeverat
560 1846 683 1876 supra,et
695 1841 786 1868 dolore
793 1848 902 1875 pressus
915 1841 1056 1868 conscien-

261 1889 305 1916 tizc
313 1892 409 1915 testem
419 1888 592 1915 invocaverat
599 1886 730 1921 Spiritum
742 1891 866 1914 sanctum
874 1887 945 1921 quod
956 1887 1056 1914 fratres

262 1934 302 1962 sui
317 1938 344 1960 et
357 1933 465 1968 cognati
489 1933 636 1960 secundum
658 1939 767 1959 carnem
781 1953 787 1965 ,
808 1933 835 1959 id
852 1936 913 1964 est,
926 1933 1055 1960 lsraelita:

262 1979 310 2007 Dei
330 1979 427 2006 Filium
436 1987 488 2006 non
507 1979 683 2013 recepissent,
701 1985 816 2013 quorum
835 1977 884 2005 luit
899 1978 1017 2012 adoptio,
1030 1982 1057 2005 et

259 2026 355 2062 gloria,
375 2030 403 2053 et
430 2029 621 2053 testamentum
635 2044 642 2057 ,
667 2028 695 2051 et
724 2024 870 2059 legislatio,
894 2029 921 2052 et
939 2024 1054 2056 cultura,

261 2076 289 2099 et
306 2071 464 2106 promissio,
479 2079 512 2098 ex
527 2071 626 2105 quibus
648 2070 730 2097 etiam
751 2070 807 2104 ipse
819 2070 944 2098 Christus
960 2077 1055 2097 secun-

260 2117 324 2143 dum
336 2123 447 2143 carnem
462 2115 496 2142 de.
507 2115 590 2142 Maria
604 2119 748 2150 generatus
759 2119 801 2142 cst
812 2115 932 2150 Virgine,
951 2119 978 2142 et
999 2120 1054 2141 tam

259 2161 390 2188 continuo
405 2161 496 2187 cordis
511 2160 602 2187 dolore
617 2165 768 2194 torquetur,
783 2164 813 2186 ut
826 2160 884 2194 ipse
900 2165 973 2195 optet
988 2168 1055 2187 ana-

260 2207 351 2233 thema
363 2212 424 2232 esse
439 2213 454 2231 a
475 2204 593 2237 Christo,
607 2205 634 2232 id
647 2209 699 2237 est,
712 2205 787 2232 solus
800 2206 899 2239 perire,
921 2214 955 2233 ne
974 2213 1054 2235 omne

257 2250 436 2278 Israeliticum
453 2258 537 2285 genus
547 2255 650 2285 pereat,
663 2255 691 2278 et
701 2251 764 2285 quia
780 2251 831 2278 hoc
841 2251 946 2278 dixerat
960 2251 1051 2278 statim

260 2297 412 2324 venientem
437 2305 452 2323 e
473 2296 583 2331 regione
615 2296 744 2330 praevidet
767 2297 952 2331 quaestionem.
983 2296 1052 2330 Quid

258 2351 323 2378 ergo
335 2344 422 2371 dicis?
442 2351 538 2370 omnes
556 2343 601 2376 qui
617 2351 649 2370 ex
670 2343 751 2370 lsrael
767 2348 831 2370 sunt
850 2344 1007 2378 perierunt?
1024 2348 1052 2371 et

258 2387 394 2420 quomodo
410 2391 438 2413 tu
455 2387 510 2421 ipse
523 2391 550 2413 ct
566 2387 656 2413 exteri
680 2387 811 2421 Apostoii,
829 2391 857 2414 et
878 2387 981 2414 inlinita
1005 2386 1051 2414 Ju-

258 2434 327 2460 daici
343 2432 433 2468 populi
455 2432 608 2464 multitudo,
627 2432 763 2460 Christum
785 2433 831 2459 Dci
856 2432 952 2459 Filium
978 2440 1051 2460 rece-

257 2479 356 2513 pistis?
369 2485 449 2513 quam
470 2478 507 2504 ita
521 2478 613 2509 solvit,
628 2477 710 2504 Israel
731 2479 758 2504 in
777 2478 924 2512 Scripturis
949 2478 1050 2505 sanctis

259 2524 402 2558 dupliciter
418 2524 577 2558 appellatur,
592 2529 619 2550 ct
639 2523 666 2550 in
687 2524 753 2550 duos
770 2523 899 2550 dividitur
918 2523 1004 2555 ﬁlios;
1020 2524 1048 2550 in

258 2577 353 2600 unum,
367 2570 413 2604 qui
426 2573 503 2603 juxta
517 2577 626 2596 carnem
640 2572 691 2600 est,
704 2575 730 2595 et
746 2569 772 2596 in
785 2569 900 2595 alterum
914 2571 959 2604 qui
970 2569 1048 2604 juxta

258 2616 495 2651 repromissiouem
509 2620 536 2642 et
549 2615 673 2651 spiritum
688 2623 694 2647 ;
712 2615 847 2642 Abraham
870 2615 937 2643 duos
955 2616 1049 2642 habuit

258 2662 339 2694 ﬁlios,
354 2661 448 2689 lsmael
461 2666 488 2689 et
502 2662 591 2694 Isaac;
607 2661 715 2694 lsmael,
723 2661 768 2696 qui
779 2662 925 2689 secundum
937 2669 1047 2689 carnem

257 2712 338 2735 natus
363 2712 423 2739 est,
444 2708 629 2736 haereditate":
654 2709 738 2742 patris
765 2716 818 2736 non
838 2700 957 2743 accepit';
973 2708 1047 2736 Isaac

257 2756 303 2789 qui
319 2755 528 2789 repromissione
539 2759 683 2788 generatus
696 2760 739 2782 est
752 2762 785 2782 ex
801 2755 876 2786 Sara,
893 2763 984 2783 semen
997 2756 1045 2783 Dei

259 2800 416 2834 appellatur.
434 2798 569 2833 Scriptum
593 2805 635 2827 est
658 2802 729 2828 enim
751 2800 805 2827 :lu
818 2801 895 2828 Isaac
915 2802 1046 2829 vocabitur

257 2847 302 2873 tibi
313 2855 399 2873 semen
414 2845 491 2878 (Gen.
511 2846 583 2878 xxi),
602 2846 628 2873 id
640 2851 692 2879 est,
707 2854 760 2874 non
775 2847 820 2881 qui
838 2847 885 2874 lilii
902 2849 1004 2880 carnis,
1018 2848 1044 2875 lii

1111 1618 1165 1640 tate
1179 1621 1227 1641 sua
1244 1614 1390 1642 miseretur
1414 1616 1511 1649 lsrael,
1537 1622 1565 1644 et
1589 1618 1697 1645 indurat
1723 1619 1910 1648 Pharaonem.

1109 1658 1179 1692 Ergo
1205 1658 1306 1686 frustra
1318 1660 1442 1693 queritur
1460 1666 1541 1696 atque
1558 1668 1686 1690 causatur
1698 1672 1750 1691 nos
1765 1665 1812 1692 vel
1844 1667 1910 1694 bona

1109 1712 1161 1732 non
1176 1704 1274 1733 fecisse
1288 1705 1330 1733 vel
1344 1706 1442 1735 fecisse
1456 1709 1536 1740 mala,
1552 1717 1612 1737 cum
1628 1711 1654 1737 in
1677 1716 1820 1746 potestate
1843 1714 1911 1741 illius

1108 1753 1145 1779 sit
1169 1757 1196 1780 et
1211 1752 1351 1781 voluntate
1372 1754 1475 1790 absque
1489 1756 1567 1783 bonis
1582 1761 1608 1784 et
1626 1758 1704 1785 malis
1720 1759 1862 1793 operibus
1872 1761 1910 1787 vel

1109 1798 1208 1833 eligere
1229 1799 1346 1834 aliquem
1361 1821 1368 1833 ,
1383 1801 1425 1828 vel
1442 1801 1579 1837 abjicere;
1604 1804 1753 1838 praesertim
1781 1814 1850 1834 cum
1869 1816 1911 1834 vo—

1108 1845 1205 1872 luntati
1231 1846 1303 1874 illius
1325 1847 1443 1874 humana
1462 1848 1592 1884 fragilitas
1616 1851 1744 1879 resistere
1771 1859 1909 1888 nequeat,

1107 1898 1187 1924 quam
1213 1891 1328 1919 validam
1354 1893 1529 1927 quaestionem
1566 1895 1762 1929 scripturarum
1800 1900 1910 1927 ratione

1107 1940 1260 1963 contextam
1277 1958 1284 1970 ,
1309 1942 1336 1964 et
1363 1945 1432 1972 pene
1459 1939 1628 1967 insolubilem
1659 1941 1733 1969 brevi
1760 1943 1911 1978 Apostolus

1106 1988 1231 2008 sermone
1251 1981 1389 2016 dissolvit,
1415 1984 1509 2012 dicens
1525 1994 1532 2011 :
1550 1984 1572 2011 0
1590 1986 1678 2019 homo,
1692 1991 1720 2013 tu
1734 1989 1796 2022 quia
1809 1997 1850 2021 es,
1867 1991 1910 2025 qui

1107 2027 1263 2061 respondeas
1279 2028 1352 2055 Deo?
1365 2029 1399 2055 Et
1418 2036 1459 2057 est
1476 2038 1579 2062 sensus,
1596 2039 1629 2058 ex
1645 2039 1684 2059 eo
1698 2035 1772 2068 quod
1791 2042 1909 2070 respon-

1105 2071 1170 2099 deas
1184 2072 1250 2104 Deo,
1262 2078 1289 2099 et
1300 2074 1463 2102 calumniam
1484 2075 1552 2104 lacis
1565 2077 1599 2109 ei,
1619 2077 1653 2105 de
1667 2079 1815 2114 scripturis
1829 2086 1908 2108 tanta

1105 2118 1239 2152 perquiris
1251 2139 1258 2150 ,
1274 2123 1305 2146 ut
1326 2120 1444 2155 loquaris
1463 2120 1557 2150 contra
1584 2124 1666 2151 Deum
1680 2145 1688 2157 ,
1711 2131 1740 2153 et
1765 2126 1906 2161 justitiam

1105 2164 1253 2192 voluntatis
1268 2165 1327 2199 cjus
1342 2167 1472 2202 inquiras,
1488 2170 1609 2197 ostendis
1626 2175 1653 2198 te
1675 2171 1755 2200 liberi
1770 2174 1883 2202 arbitrii
1898 2196 1906 2207 ,

1105 2215 1132 2237 ct
1146 2210 1237 2238 facere
1249 2213 1321 2246 quod
1335 2213 1386 2246 vis,
1407 2218 1435 2240 et
1453 2219 1542 2242 tacere
1555 2236 1561 2247 ,
1577 2216 1620 2243 vel
1635 2216 1718 2252 loqui.
1733 2218 1762 2246 Si
1778 2221 1854 2247 enim
1879 2222 1906 2249 in

1106 2256 1310 2285 similitudinem
1327 2259 1401 2286 vasis
1423 2259 1513 2287 ﬁctilis
1527 2263 1553 2287 te
1566 2268 1581 2288 a
1598 2261 1654 2289 Deo
1669 2268 1793 2291 creatum
1810 2272 1904 2300 putas,

1098 2298 1130 2329 et
1143 2302 1214 2330 illius
1228 2311 1280 2330 non
1295 2311 1374 2338 posse
1388 2305 1515 2332 resistere
1526 2306 1668 2339 voluntati,
1681 2308 1731 2336 hoc
1743 2298 1903 2343 considera,

1103 2349 1166 2382 quia
1179 2356 1228 2376 vas
1242 2349 1325 2376 ﬁctile
1334 2356 1387 2376 non
1402 2350 1467 2377 dicit
1477 2350 1573 2386 ﬁgulo:
1587 2360 1670 2387 quare
1684 2362 1726 2382 me
1737 2355 1775 2382 sic
1792 2356 1905 2384 fecisti?

1102 2394 1213 2429 Figulus
1225 2395 1296 2421 enim
1320 2395 1401 2422 habet
1414 2400 1574 2431 potestatem
1589 2398 1622 2425 dc
1636 2400 1730 2427 eodem
1751 2400 1808 2428 luto
1825 2403 1901 2430 aliud

1103 2447 1150 2466 vas
1165 2440 1256 2467 facere
1270 2440 1297 2467 in
1314 2441 1453 2474 honorem,
1469 2442 1542 2473 aliud
1555 2452 1618 2472 vero
1636 2445 1663 2472 in
1687 2449 1897 2476 contumeliam.

1102 2484 1172 2511 Deus
1184 2490 1275 2511 autem
1291 2486 1387 2520 aequali
1396 2491 1509 2515 cunctos
1524 2493 1597 2516 sorte
1614 2492 1763 2524 generavit,
1774 2497 1804 2520 et
1823 2494 1898 2521 dedit

1101 2530 1206 2557 arbitrii
1220 2531 1383 2565 libertatem,
1397 2537 1426 2560 ut
1445 2533 1525 2561 iaciat
1540 2537 1726 2572 unusquisque
1741 2538 1812 2573 quod
1827 2540 1896 2571 vult,

1099 2576 1156 2603 sive
1179 2576 1289 2607 bonum,
1309 2578 1366 2605 sive
1386 2578 1495 2606 malum.
1518 2579 1546 2607 in
1575 2584 1677 2609 tantum
1701 2588 1790 2610 autent
1819 2585 1896 2612 dedit

1099 2622 1225 2649 omnibus
1247 2626 1419 2657 potestatem,
1435 2627 1465 2650 ut
1477 2632 1529 2652 vox
1550 2625 1631 2660 impia
1659 2627 1778 2662 disputet
1796 2634 1894 2657 contra

1099 2672 1249 2694 creatorem
1264 2675 1353 2701 suum,
1369 2673 1396 2695 et
1411 2677 1506 2697 causas
1522 2671 1668 2700 voluntatis
1685 2674 1742 2707 ejus
1766 2683 1894 2710 personi-

1099 2716 1187 2743 tetur;
1217 2713 1259 2740 sin
1282 2718 1374 2741 autem
1391 2715 1484 2742 volens
1506 2716 1576 2743 Deus
1609 2719 1752 2746 ostendere
1771 2720 1840 2747 iram
1862 2725 1893 2748 et

1098 2763 1190 2785 notam
1202 2758 1292 2786 facere
1304 2759 1449 2793 potentiam
1465 2767 1552 2793 suam,
1567 2763 1695 2790 sustinuit
1708 2764 1735 2791 in
1748 2765 1833 2792 multa
1846 2773 1891 2800 pa-

1098 2803 1191 2830 tientia
1214 2811 1279 2830 vasa
1306 2804 1353 2831 ira:
1374 2809 1435 2840 apta
1455 2806 1482 2833 in
1504 2807 1654 2840 interitum,
1680 2815 1709 2836 ut
1732 2812 1888 2839 ostenderet

1097 2850 1204 2878 divitias
1224 2850 1315 2884 gloria:
1328 2859 1383 2878 sua:
1400 2852 1425 2878 in
1445 2859 1509 2880 vasa
1525 2851 1727 2888 misericordiae,
1743 2864 1802 2891 qua!
1815 2864 1885 2892 prae-

1637 2901 1650 2911 ο
