2000 3199
221 2428 227 2481 ἐ

249 139 313 167 1491

248 202 300 225 tem
310 197 378 224 bene
388 196 516 231 operandi
527 203 575 231 per
586 195 718 230 Spiritum
737 200 869 232 sanctum,
887 203 934 230 per
949 203 1029 230 quem
1042 196 1070 232 ,Α

245 245 365 275 Charitas
385 243 436 275 ‘Doi
455 242 613 275 diil‘uoditttr
629 245 656 272 in
669 242 796 272 caulibus
815 243 926 276 nostris,
941 246 971 270 ut
983 251 1032 271 nos

245 289 434 321 misericordes
453 288 561 320 emciat,
1053 284 1055 286 '

280 333 367 369 Igitur
384 343 435 363 non
454 333 560 363 volentis
569 354 576 366 ,
591 342 670 369 neque
682 333 818 366 currentia,
831 334 877 360 sed
886 334 1031 362 miser-etatis

244 385 281 408 est
294 380 350 407 Dei.
360 379 472 415 (Arnim)
481 379 643 413 Rocte,quia
651 387 705 407 non
718 379 746 407 in
756 379 892 406 voluntate
903 380 1029 414 petentis,

245 427 292 457 sed
305 427 332 455 in
353 426 443 456 dantis
460 425 572 455 arbitrio
586 425 665 456 debet
681 432 751 458 esse,
764 425 835 460 quod
847 426 982 460 poscitur;
996 433 1030 454 an

244 472 316 500 enim
331 472 448 500 dandum
466 471 500 499 sit
515 471 603 504 dantis
615 471 694 499 debet
704 471 806 506 judicio
819 472 938 505 pensari.
963 471 1031 498 Nam

245 518 311 547 Saul
322 525 446 551 peccans,
463 525 524 547 cum
545 516 656 551 petisset
673 516 789 549 veniant,
801 525 853 544 non
865 517 989 551 accepit;
1004 520 1031 544 at

244 568 338 592 contra
357 563 440 591 David
464 570 591 598 peccans,
606 566 635 593 et
649 562 751 597 ignosci
764 562 814 590 sibi
830 561 969 596 postulans
982 570 1029 589 νεν-

244 610 316 639 niam
338 614 496 636 consecutus
509 612 563 641 est;
584 616 617 640 ex
637 609 688 638 hoc
708 609 802 643 utique
816 608 905 636 dantis
925 608 990 640 Dei,
1003 613 1032 636 et.

243 663 296 683 non
318 655 407 685 dantis
423 654 555 688 judicium
569 654 737 689 sequendum
755 658 812 686 est,
834 654 897 688 quia
921 662 974 682 non
991 655 1030 681 in—

239 700 311 736 juste
328 700 449 734 judicat,
461 700 507 736 qui
528 707 622 731 omnes
641 700 728 728 salvos
744 700 800 729 vult
824 699 882 728 ﬁeri
904 705 1030 728 manente

239 745 355 780 justitia.
369 745 505 779 luspector
516 745 588 776 enim
602 745 691 776 cordis
705 745 755 775 scit
771 749 907 779 petentem
928 753 962 775 an
980 746 1030 773 hac

242 796 333 818 mente
358 795 453 827 post-at
478 795 507 819 ut
529 795 668 823 mereatur
690 791 812 824 accipere
831 811 838 823 ,
861 797 889 819 et
906 791 1029 825 quamvis

241 840 422 874 periculosum
444 839 478 871 sit
495 838 626 873 judicium
650 839 697 869 Dei
726 839 882 868 discernere
909 848 916 866 :
939 843 1029 867 tamen

240 890 350 921 propter
378 885 548 917 diilidentes,
568 889 595 912 et
625 890 654 913 ut
676 893 750 914 mens
777 893 869 914 eorum
898 886 1031 914 medelam

242 932 368 966 consequi
385 932 480 966 possit,
503 939 536 962 nc
556 936 651 967 putent
670 931 802 966 judicium
818 932 865 960 Dei
880 932 1007 967 injustum
1023 953 1031 967 ,

242 977 363 1005 dicentes
383 987 389 1004 :
403 985 487 1005 unum
498 982 577 1007 vocat
590 982 615 1006 et
631 978 747 1010 alterum
765 979 892 1015 negligit,
905 980 945 1008 sic
959 980 1032 1008 orbiL

243 1026 347 1050 trantcs
371 1024 495 1053 excusari
526 1031 605 1058 posse
626 1024 792 1058 damnandos
817 1034 823 1052 :
850 1026 932 1053 rebus
960 1026 1032 1054 istud

240 1069 331 1103 potius
358 1069 504 1103 probemus
524 1077 605 1104 quam
634 1070 741 1103 verbis;
765 1071 810 1098 ubi
837 1071 909 1099 enini
939 1079 1031 1104 rerum

241 1114 378 1150 gestarum
394 1115 516 1150 exempla
529 1120 591 1145 sunt
604 1136 610 1149 ,
627 1124 706 1144 nemo
727 1117 806 1144 audet
820 1118 906 1151 queri,
922 1125 971 1145 nec
984 1118 1032 1145 ali-

240 1169 321 1196 qttant
343 1162 545 1194 excusationem
559 1163 714 1190 obtendere.
735 1163 793 1191 Duo
808 1164 917 1196 fuerunt
927 1185 933 1196 ,
948 1164 1032 1192 David

241 1211 268 1235 et
292 1206 367 1240 Saul,
395 1207 563 1242 requiramus
587 1208 725 1241 historias,
748 1209 834 1243 qualis
848 1210 1031 1244 unusqniSque

240 1260 334 1281 eorum
357 1257 479 1288 repertus
499 1254 533 1281 sit
558 1258 619 1288 post
643 1252 772 1287 judicium
793 1254 851 1287 Dei,
871 1259 901 1282 ut
919 1255 940 1282 si
967 1255 1031 1282 Sani

239 1299 309 1327 bene
333 1307 362 1327 se
382 1300 469 1334 egisse
483 1321 490 1333 ,
504 1304 649 1335 postquam
664 1301 880 1328 misericordiam
902 1309 954 1328 non
983 1309 1030 1329 ac-

241 1347 323 1381 cepit,
343 1348 482 1382 probetur,
494 1348 635 1383 injustum,
652 1350 722 1384 quod
741 1350 821 1382 absit,
834 1349 881 1377 Dei
899 1349 1032 1384 judicium

240 1392 419 1426 arbitremur;
447 1398 492 1422 aut
519 1395 542 1421 si
566 1394 662 1428 David,
683 1399 792 1431 accepta
821 1396 1030 1429 misericordia,

240 1438 325 1467 Deunt
339 1441 535 1475 contempsisse
552 1441 714 1474 inveniatur,
735 1449 768 1471 an
784 1442 811 1469 in
825 1449 857 1469 eo
874 1442 1027 1474 manserit,

241 1485 269 1512 in
293 1493 346 1519 qtto
365 1486 577 1513 misericordiam
601 1491 763 1514 consecutus
782 1491 840 1519 est,
865 1490 907 1519 et,
922 1490 952 1513 ut
969 1490 1031 1513 utar

239 1531 410 1564 compendio,
426 1535 539 1566 uterque
557 1533 747 1559 necessitatem
762 1540 857 1567 passus
878 1537 919 1560 est
934 1533 1028 1568 regni;

241 1581 268 1603 ct
288 1580 389 1610 quanta
412 1577 463 1604 fuit
486 1579 632 1605 necessitas
647 1579 740 1610 David,
759 1579 868 1605 utiiiius
881 1578 939 1612 ejus
952 1578 1031 1606 vellet

239 1621 315 1649 illum
331 1629 413 1658 regno
428 1622 536 1656 privare
549 1623 555 1649 l
577 1622 606 1650 ln
620 1631 673 1657 qna
694 1624 856 1651 necessitate
871 1623 936 1651 ﬂens
958 1624 1030 1653 nudo

240 1668 306 1702 pcdc
325 1668 378 1695 iter
390 1666 516 1701 faciebat,
529 1672 557 1695 nt
569 1668 673 1703 fugeret
693 1677 739 1696 rex
757 1673 784 1696 et
802 1670 854 1696 dux
867 1669 958 1704 populi
970 1669 1028 1703 Dei,

242 1713 268 1741 in
286 1717 389 1741 tantum
405 1714 570 1748 humiliatus,
592 1719 622 1742 nt
651 1718 678 1742 et
702 1715 728 1742 in
747 1714 843 1743 faciem
870 1715 921 1742 sibi
947 1722 1026 1742 servo

243 1767 292 1786 suo
307 1759 479 1789 maledicenti
493 1768 545 1789 non
561 1762 746 1796 responderet,
766 1765 796 1788 ut
810 1769 858 1796 per
870 1762 1029 1796 patientiam

242 1805 326 1833 Detntt
341 1806 392 1834 sibi
408 1807 551 1842 propitiant
575 1808 686 1840 taceret,
698 1816 747 1843 per
758 1815 839 1843 quem
853 1815 965 1843 regnum
979 1808 1029 1835 sibi

241 1852 354 1879 credidit
364 1853 496 1881 reservari
506 1862 512 1879 :
523 1853 586 1880 Sani
603 1858 692 1891 autem
706 1862 757 1882 nec
768 1854 793 1881 in
808 1854 854 1881 tali
867 1854 1030 1881 necessitate

241 1897 376 1930 inventus,
388 1898 451 1932 quia
464 1898 551 1933 majus
566 1899 665 1926 malum
685 1904 726 1927 est
739 1900 896 1928 intestinum
911 1900 1009 1927 bellum
1021 1919 1028 1932 ,

241 1951 322 1977 quam
336 1947 478 1971 externum
489 1965 495 1976 ,
509 1945 619 1979 insuper
631 1953 701 1981 (egre
717 1946 817 1978 terens,
831 1946 894 1980 quia
907 1946 990 1974 semel
1002 1950 1030 1973 et

240 1990 339 2017 iterum
355 1998 408 2017 non
421 1991 457 2018 sit
471 1992 587 2025 auditus,
604 2000 664 2020 cum
681 1996 752 2020 esset
765 1993 902 2028 indignus,
930 2000 980 2020 nec
1001 1993 1029 2020 in

239 2044 319 2071 prece
325 2038 452 2071 perstitit,
460 2043 490 2065 ut
500 2039 624 2067 meritum
637 2039 687 2068 sibi
699 2039 809 2072 faceret,
822 2047 869 2074 per
876 2039 946 2074 quod
957 2043 1030 2067 esset

240 2085 345 2120 dignus,
362 2086 409 2113 sed
427 2086 570 2121 impatiens
587 2090 615 2114 et
639 2087 671 2114 de
694 2086 1027 2121 Deijudieioindignatus,

241 2131 274 2157 ab
290 2131 367 2158 idolis
385 2139 444 2165 quac
461 2132 536 2166 prius
558 2132 631 2159 velut
649 2132 749 2158 nullius
774 2132 902 2159 momenti
917 2132 1029 2158 dunttia-

239 2180 328 2208 verat,
340 2177 468 2204 auxilium
479 2177 628 2211 requisivit.
641 2177 711 2204 Ecce
719 2177 821 2212 justum
829 2185 888 2204 esse
896 2176 1027 2210 judicium

240 2222 416 2257 praescientite
439 2223 487 2249 Dei
509 2223 588 2250 etiam
605 2223 766 2256 nolentibus,
784 2223 956 2251 manifestum
976 2227 1026 2250 est.

243 2267 334 2303 Meg.)
359 2267 435 2301 Quod
457 2273 547 2299 autem
567 2268 626 2296 ait:
641 2268 728 2304 Igitur
754 2277 804 2296 non
821 2268 928 2296 volentis
947 2276 1027 2304 neque

240 2313 382 2345 currentis,
405 2313 450 2340 scd
465 2313 610 2340 miserantis
631 2318 668 2340 est
683 2313 741 2347 Dei,
764 2322 816 2341 non
832 2314 901 2341 tollit
912 2314 1026 2342 liberum

240 2358 381 2387 arbitrium
395 2379 403 2390 ,
431 2359 478 2386 sed
496 2366 548 2386 non
572 2359 693 2387 suﬂicerc
713 2360 777 2387 dicit
794 2360 862 2387 velle
883 2364 1003 2387 nostrum
1018 2381 1025 2392 ,

240 2405 292 2432 nisi
308 2405 417 2440 adjuvet
434 2405 504 2433 Deus
517 2425 524 2439 ,
551 2406 741 2434 misericordes
765 2415 814 2435 nos
838 2406 976 2435 efﬁciendo
990 2407 1026 2434 ad

239 2450 308 2477 bene
325 2451 491 2484 operandum
504 2472 512 2485 ,
539 2459 586 2486 per
612 2452 712 2479 donum
730 2452 846 2487 Spiritus
870 2453 966 2480 sancti.
984 2452 1026 2480 Ad

1044 1564 1065 1595 C

1043 2244 1068 2274 D

218 2496 220 2499 ’
241 2496 293 2523 hoc
307 2495 428 2525 referens
441 2498 512 2531 quod
527 2498 652 2532 superius
664 2498 730 2525 dicit
746 2506 753 2525 :
772 2498 913 2526 Μίδενεὺον
926 2498 969 2525 cui
978 2499 1027 2524 mi-

239 2548 323 2570 sertus
345 2552 400 2576 ero,
422 2548 446 2570 et
465 2544 670 2571 misericordiam
684 2544 813 2579 prwstabo
824 2544 866 2572 cui
881 2545 1027 2572 misericors

241 2588 325 2622 luero.
342 2588 409 2621 Quia
425 2597 511 2623 neque
526 2589 592 2617 velle
607 2597 751 2624 possumus
762 2610 769 2622 ,
785 2589 836 2616 nisi
849 2597 985 2622 vocemur,
999 2594 1028 2617 et

241 2640 301 2659 cum
323 2638 383 2667 post
405 2635 572 2662 vocationem
595 2635 771 2667 voluerimus,
793 2643 845 2662 non
860 2634 956 2662 suilicit
977 2642 1025 2662 vo-

240 2678 574 2713 luntasnostra,etcnrsus
584 2685 687 2713 noster,
697 2681 748 2710 nisi
762 2681 832 2708 Deus
846 2686 873 2707 et
882 2681 953 2708 vires
965 2688 1027 2708 cor-

240 2726 360 2754 rentibus
375 2727 492 2761 pra-beat
504 2732 530 2754 et
543 2727 674 2762 perducat
685 2735 738 2762 quo
747 2731 835 2759 vocat,
849 2726 944 2763 (θήρ.)
957 2727 1027 2754 sicut

240 2775 268 2798 et
284 2771 365 2799 David
381 2772 445 2799 dicit
458 2772 483 2799 in
498 2772 601 2807 psalmo
617 2780 623 2799 :
642 2771 702 2799 Nisi
716 2773 843 2800 Dominus
857 2772 1026 2806 wdiﬁcauerit

240 2817 355 2850 domum,
372 2818 399 2844 in
422 2826 515 2844 nonum
536 2818 657 2848 laborant
675 2819 720 2854 qui
737 2819 868 2853 ludiﬁcant
882 2826 948 2845 eam.
966 2817 1027 2844 Nisi

242 2861 369 2890 Dominus
386 2864 537 2891 custodierit
549 2864 688 2897 civitatem,
711 2865 739 2892 in
752 2873 847 2892 vanum
862 2864 968 2899 vigilant
981 2863 1026 2899 qui

239 3174 280 3183 αδ-

562 139 592 166 Β.
615 138 738 167 RABANI
756 138 865 167 MAUBI
883 139 1042 167 ARCHIEP.
1058 137 1216 174 ,MOGUNT.
1232 139 1542 184 OPERUMVPnRSdlh
1589 151 1592 154 ’

1819 143 1902 170 1492

1082 197 1230 223 custodiunt
1263 204 1321 223 eam
1355 196 1451 231 (Psai.
1482 197 1609 230 cxxvr‘);
1629 197 1659 225 In
1692 204 1756 232 quo
1792 204 1898 226 oste--

1083 242 1133 274 dit,
1147 250 1203 270 non
1213 242 1278 276 quia
1298 242 1337 275 is,
1359 243 1404 276 qui
1428 242 1536 271 domum
1550 242 1667 271 aediﬁcat
1679 244 1757 270 nihil
1769 249 1849 282 agat,
1860 251 1897 272 ei

1082 288 1187 316 otiosus
1200 288 1244 320 sit,
1259 291 1286 314 et
1301 288 1340 314 ita
1354 295 1416 316 eam
1430 287 1544 316 aediﬁcet
1565 288 1698 316 Dominus
1714 310 1720 320 ,
1749 291 1806 317 sed
1829 292 1895 325 ipa:

1082 333 1203 369 quidem,
1216 337 1346 367 quantum
1359 338 1400 360 est
1414 333 1440 360 in
1458 333 1575 366 homine,
1585 334 1791 362 sollicitudinis
1804 341 1833 362 et
1844 338 1891 363 h-

1082 379 1157 406 boris
1166 378 1306 414 expendat,
1321 378 1370 405 Dei
1382 378 1419 405 sit
1430 383 1532 410 autem,
1546 383 1577 405 ut
1586 379 1740 407 obstaculis
1753 381 1890 409 clunibus

1071 425 1189 457 'atnotis,
1212 432 1279 459 opus
1294 425 1433 459 perveniat
1453 424 1487 451 ad
1502 424 1636 453 eiIectum.
1654 425 1726 452 Cum
1742 434 1815 461 ergo
1837 436 1888 462 per

1082 471 1136 501 hoc
1143 471 1281 503 doceatur.
1298 470 1371 505 quod
1382 471 1464 498 homo
1476 471 1583 505 quidem
1599 471 1724 499 laborem
1740 473 1886 508 impendat

1081 521 1109 545 et
1123 517 1341 549 sollicitudinem,
1353 517 1425 544 Deus
1441 521 1530 544 autem
1546 525 1708 546 successum
1727 520 1812 554 operi
1833 521 1882 546 tri-

1082 563 1148 593 buat
1171 567 1200 590 et
1224 562 1347 590 eiectum
1360 583 1367 597 ,
1386 564 1459 599 pium
1482 565 1575 599 utique
1596 569 1623 592 et
1652 565 1821 600 religiosum
1843 574 1881 593 est

1082 608 1142 640 ideo
1166 609 1269 636 homini
1293 609 1364 643 quod
1380 609 1405 636 in
1427 617 1456 636 se
1479 613 1519 637 est
1534 610 1636 645 operis,
1661 618 1810 638 strumam
1832 613 1881 638 Deo

1081 655 1170 689 magis
1186 662 1267 689 quam
1286 654 1388 682 homini
1413 654 1551 690 deputare.
1576 656 1621 683 Sic
1640 660 1667 683 et
1686 664 1756 683 eum
1783 658 1880 684 Paetus

1081 700 1235 734 plantabat,
1256 704 1284 727 et
1302 700 1397 735 Apollo
1410 700 1515 735 rigabat
1526 721 1532 733 ,
1554 701 1625 728 Deus
1638 701 1708 729 dare
1726 693 1878 729 dicm-trin-

1082 750 1260 777 crementum,
1277 749 1305 772 et
1325 745 1441 777 additur,
1466 746 1554 780 itaque
1578 754 1660 781 neque
1682 747 1733 780 qui
1752 748 1860 782 plantat
1875 769 1881 775 .

1080 799 1162 826 neque
1175 792 1220 826 qui
1233 791 1311 825 rigat.
1328 797 1363 817 est
1377 790 1487 826 aliquid,
1502 791 1546 818 sed
1562 793 1607 827 qui
1619 793 1825 819 incrementum
1841 794 1880 819 dat

1084 836 1152 863 Dem
1169 836 1194 872 (1
1209 836 1269 863 Cor.
1286 838 1338 872 tu).
1364 837 1402 864 Ita
1423 844 1487 872 ergo
1509 838 1591 864 etiam
1612 838 1639 864 in
1661 840 1804 872 praesenti
1829 840 1882 866 loco

1082 890 1225 918 possumus
1233 882 1435 917 dicerezltaque
1447 890 1534 917 neque
1544 883 1590 917 qui
1601 883 1698 915 currit,
1706 887 1757 910 est
1768 884 1881 918 aliquit.

1081 937 1169 964 neque
1184 929 1231 963 qui
1246 928 1311 959 vult,
1327 928 1374 955 sed
1386 928 1432 963 qui
1447 928 1571 956 eﬂ'ectum
1583 921 1727 957 dat‘Deus.
1746 929 1802 961 Qui
1815 931 1882 956 eni-

1080 974 1138 1002 vnlt
1156 978 1184 1001 ct
1203 974 1248 1009 qui
1268 973 1372 1006 currit,
1396 973 1447 1005 hoc
1460 973 1568 1002 videtur
1588 981 1649 1000 esse
1671 974 1752 1007 quod
1773 979 1818 1001 est
1844 974 1883 1001 ille

1082 1020 1127 1054 qui
1142 1019 1242 1054 plantat
1266 1022 1294 1046 et.
1310 1018 1354 1045 ille
1379 1019 1425 1052 qui
1443 1019 1523 1053 rigat,
1545 1019 1593 1046 sed
1619 1026 1685 1046 cura
1709 1019 1765 1054 qui
1781 1020 1881 1054 plantat

1081 1071 1108 1094 et
1127 1074 1188 1094 cum
1206 1066 1253 1101 qui
1276 1066 1346 1100 rigat
1370 1065 1440 1098 nihil
1455 1073 1514 1093 esse
1541 1065 1604 1093 dicit
1630 1065 1805 1100 Apostolus;
1831 1074 1881 1093 nso

1081 1111 1152 1146 quod
1181 1111 1250 1138 nihil
1281 1114 1381 1145 agant,
1406 1110 1454 1138 sed
1480 1111 1551 1145 quod
1578 1111 1612 1138 ad
1642 1112 1881 1145 comparationem

1082 1157 1140 1189 Déi,
1157 1157 1203 1192 qui
1228 1157 1427 1185 incrementum
1451 1157 1498 1184 dat
1521 1157 1594 1192 operi
1617 1156 1660 1183 vel
1682 1157 1831 1188 elices-tn,
1846 1158 1877 1184 itii

1082 1204 1149 1232 nihil
1164 1212 1224 1232 esse
1237 1204 1380 1235 ducantur.
1393 1203 1493 1239 (σθω.)
1508 1203 1652 1231 Evidenter
1665 1203 1811 1237 probatur
1824 1213 1881 1239 gra-

1084 1250 1148 1277 tiam
1168 1249 1215 1277 Dei
1231 1257 1263 1276 ac
1277 1249 1490 1276 misericordiam
1505 1255 1611 1283 semper
1629 1250 1741 1284 operari
1761 1251 1791 1276 in
1806 1251 1878 1277 nobis

1083 1304 1114 1323 ea
1134 1303 1194 1330 qua;
1212 1295 1284 1323 bona
1296 1299 1369 1328 sunt,
1392 1302 1443 1329 qua
1463 1294 1605 1322 deserentc
1625 1294 1691 1321 nihil
1713 1295 1815 1323 valere
1828 1301 1880 1323 sti-

1082 1341 1155 1368 dium
1180 1340 1328 1367 laborantis
1342 1360 1349 1372 ,
1374 1344 1402 1367 et
1424 1339 1623 1374 quantumlibet
1645 1340 1734 1367 animi
1766 1341 1878 1368 nitentis

1082 1386 1242 1415 industriam
1273 1386 1332 1413 sine
1365 1380 1451 1421 ipsius
1475 1386 1573 1417 iterum
1608 1386 1747 1420 adjutorie
1777 1392 1877 1415 statua

1080 1432 1225 1467 pristinum
1241 1438 1403 1466 recuperare
1424 1438 1477 1458 non
1491 1438 1581 1466 posse,
1595 1431 1715 1466 illudque
1737 1433 1826 1460 nobis
1835 1433 1879 1467 ju-

1081 1479 1150 1513 giter
1175 1478 1315 1512 adimpleri
1331 1487 1337 1504 :
1355 1487 1365 1503 ι
1378 1485 1432 1506 non
1458 1477 1582 1510 volentis,
1601 1485 1689 1513 neque
1711 1480 1875 1511 canentis,

1081 1524 1129 1556 sed
1148 1523 1302 1551 miserentis
1313 1527 1355 1551 est
1366 1524 1424 1557 Dei,
1435 1534 1444 1549 ι
1460 1531 1520 1558 qua:
1535 1524 1620 1558 gratia
1642 1531 1844 1560 nonnunquam
1862 1534 1879 1552 e

1075 1569 1218 1599 contrario
1234 1569 1400 1605 negligentes
1418 1577 1450 1597 ac
1463 1569 1597 1601 resolutos
1609 1570 1794 1605 inspiratione
1807 1572 1858 1599 hac
1869 1592 1876 1603 ,

1081 1623 1140 1650 qua:
1153 1615 1261 1648 dicitur,
1273 1620 1376 1648 sancta,
1390 1620 1418 1643 et
1435 1616 1598 1643 abundantis
1617 1616 1787 1651 spiritalium
1804 1619 1877 1653 cogi—

1083 1662 1223 1694 tationum,
1238 1662 1348 1690 visitare
1360 1670 1413 1689 non
1429 1662 1526 1694 renuit,
1542 1662 1588 1692 sed
1605 1662 1724 1697 inspirat
1734 1663 1874 1698 indigns,

1080 1712 1108 1736 et
1118 1708 1231 1737 suscitat
1245 1708 1421 1741 dormientes,
1440 1713 1468 1736 et
1485 1708 1619 1736 illuminat
1641 1709 1810 1744 ignorantis
1824 1718 1875 1737 cz—

1081 1753 1162 1782 citate
1181 1761 1338 1788 pessessos,
1360 1753 1559 1788 clementerque
1583 1761 1635 1781 nos
1659 1754 1772 1789 arguit,
1793 1759 1875 1789 atque

1080 1799 1206 1834 castigat,
1222 1798 1367 1827 infundens
1380 1801 1409 1831 s’c
1424 1800 1549 1827 cordibus
1560 1799 1672 1832 nostris,
1688 1804 1718 1827 ut
1730 1800 1775 1827 vel
1790 1801 1835 1828 sic
1845 1802 1875 1827 de

1081 1846 1186 1877 inertia:
1209 1854 1304 1878 somno
1325 1846 1531 1881 compunctione
1552 1846 1637 1880 ipsius
1656 1846 1782 1880 instigati
1809 1855 1875 1874 con-

1080 1898 1191 1926 surgere
1204 1899 1392 1927 provocamur.
1409 1892 1528 1937 Depique
1543 1891 1700 1926 frequenter
1712 1892 1799 1919 etiam
1812 1893 1877 1919 orb-

1081 1937 1156 1966 ribtts
1168 1938 1239 1965 ultra
1250 1946 1359 1966 omnem
1374 1938 1534 1965 suavitatem
1555 1938 1761 1973 compositionis
1776 1938 1875 1965 huma-

1080 1991 1122 2012 na)
1136 1983 1163 2010 in
1181 1983 1223 2011 his
1250 1983 1315 2017 ipsis
1335 1982 1423 2010 subito
1446 1982 1645 2011 visitationibus
1666 1983 1853 2017 adimpletum
1866 2004 1873 2014 ,

1080 2029 1118 2057 ita
1134 2033 1162 2057 ut
1175 2037 1251 2060 utens
1271 2030 1322 2056 hac
1334 2029 1512 2057 oblectatione
1528 2029 1645 2056 resoluta
1667 2029 1695 2055 io
1717 2030 1870 2063 quemdam

1081 2075 1191 2110 spiritus
1205 2075 1327 2110 rapiatur
1339 2082 1480 2103 excessum
1494 2095 1501 2109 ,
1516 2083 1599 2110 seque
1619 2076 1784 2103 commorari
1804 2075 1872 2102 obli-

1081 2121 1200 2148 viscatur
1214 2121 1241 2149 in
1261 2128 1352 2148 carne.
1369 2121 1460 2156 (Aug.)
1473 2121 1530 2149 Non
1543 2129 1608 2156 ergo
1619 2122 1678 2149 ideo
1690 2122 1820 2149 misertus
1831 2126 1873 2149 est

1083 2167 1166 2197 Deus,
1181 2167 1243 2201 quia
1258 2166 1343 2194 voluit
1357 2171 1385 2195 et
1407 2167 1527 2195 cucurrit
1541 2167 1633 2199 Jacob,
1647 2167 1695 2195 sed
1709 2167 1771 2195 ideo
1787 2167 1874 2195 voluit

1080 2216 1107 2240 et
1117 2212 1237 2239 cucurrit
1249 2211 1343 2244 Iacob,
1356 2212 1419 2246 quia
1438 2212 1565 2240 misertus
1586 2217 1628 2240 est
1649 2212 1720 2240 Dens
1734 2222 1741 2239 :
1753 2211 1873 2239 Paratur

1078 2258 1151 2293 ‘eniut
1168 2258 1314 2285 voluntasa
1329 2258 1452 2290 Domino,
1467 2262 1494 2285 et
1506 2267 1522 2285 a
1538 2258 1649 2286 Domino
1660 2265 1764 2292 graus
1780 2258 1870 2284 Itami-

1080 2303 1120 2331 m’r
1141 2303 1309 2338 diriguntur,
1336 2309 1360 2332 ct
1384 2304 1452 2331 uiam
1469 2303 1525 2339 ejus
1549 2303 1616 2330 volet
1639 2303 1735 2338 (ἔδεαι.
1756 2305 1868 2335 xxxvi);

1080 2348 1175 2378 deinde
1188 2350 1249 2384 quia
1264 2354 1374 2385 propter
1382 2349 1464 2379 Iacob
1476 2350 1545 2377 dictu
1558 2355 1599 2378 est
1610 2350 1662 2377 ista
1672 2350 1806 2377 sententia
1821 2358 1869 2384 ge-

1079 2394 1189 2426 neralis.
1197 2403 1248 2422 non
1259 2394 1367 2427 υθιιιιιὶε
1379 2404 1460 2430 neque
1474 2396 1613 2427 currentis,
1621 2395 1665 2422 sed
1677 2395 1823 2422 alimentis
1829 2400 1868 2421 at

1079 2439 1138 2472 Dei.
1152 2440 1231 2469 datur
1243 2440 1325 2469 etiam
1336 2439 1487 2476 exetnplum
1508 2441 1541 2467 de
1552 2440 1704 2470 Pharaone,
1716 2446 1827 2474 propter
1839 2440 1867 2466 id

1080 2485 1150 2520 quod
1159 2486 1261 2514 dictth
1273 2490 1324 2518 est,
1334 2485 1405 2518 Esau
1417 2490 1503 2513 autem
1511 2486 1570 2512 odio
1578 2486 1667 2517 habui,
1675 2489 1702 2512 ot
1710 2485 1849 2519 subjicitur
1857 2494 1865 2510 :

1115 2541 1184 2569 Dicit
1201 2543 1269 2569 enim
1285 2541 1423 2577 Scriptura
1436 2542 1581 2574 Pharaoni,
1598 2543 1660 2579 quia
1674 2542 1709 2569 ad
1722 2542 1771 2569 hoc
1782 2542 1865 2576 ips-mn

1079 2587 1188 2613 excitavi
1199 2592 1234 2619 te,
1250 2591 1277 2612 ut
1298 2587 1432 2613 ostendant
1453 2588 1479 2614 in
1493 2591 1518 2614 te
1530 2588 1649 2614 virtutem
1666 2595 1760 2618 meum,
1782 2592 1806 2613 rt
1821 2595 1865 2612 mt-

1081 2633 1213 2659 nttntictur
1239 2640 1332 2660 nomen
1358 2641 1443 2660 meum
1467 2634 1494 2660 in
1517 2634 1635 2660 nulum:
1660 2638 1739 2660 terra.
1769 2631 1865 2667 (Orig)

1080 2677 1188 2705 Certant
1206 2682 1248 2705 est
1272 2678 1355 2705 Deum
1372 2686 1427 2709 non
1447 2678 1533 2705 soluat
1557 2679 1627 2705 scire
1657 2677 1865 2712 uniuscuiusque

1080 2724 1245 2759 propositum
1270 2733 1302 2752 ac
1326 2725 1500 2757 voluntatem,
1515 2725 1560 2752 sed
1577 2729 1604 2751 et
1622 2724 1758 2759 prmscire.
1773 2723 1866 2750 Sciens

1080 2773 1169 2796 autem
1185 2773 1212 2797 et
1239 2778 1424 2805 praenoscens,
1448 2774 1575 2806 tanquam
1592 2770 1677 2796 bonus
1699 2768 1867 2809 dispensawr

1080 2813 1212 2848 etjnstus,
1233 2815 1442 2852 uniuscujusque
1457 2815 1573 2842 motibus
1583 2818 1610 2841 et
1625 2814 1762 2848 proposito
1783 2812 1866 2839 utitur

1080 2863 1113 2898 ad
1126 2870 1158 2889 ea
1168 2869 1252 2897 opera
1267 2861 1414 2895 eﬂicienda,
1434 2869 1494 2897 quae
1509 2860 1718 2904 uniuscujusque
1730 2859 1820 2888 animo
1832 2864 1867 2885 ac
