2000 3199
252 178 325 217 ιιθδ

590 190 620 217 Β.
641 187 770 216 RABANI
789 181 898 215 MAUR]
916 183 1075 214 ARCHlEP.
1093 182 1397 212 MOGUNT.OPERIJM
1414 179 1566 212 ωῆδ-ιιι.
1608 207 1611 215 ,

1837 173 1908 204 1496

253 250 312 285 ejus
327 238 474 276 amicitiam
488 248 650 282 recipiatur,
662 246 734 281 quod
749 244 906 279 contingere
926 243 978 270 nisi
993 243 1044 277 spi-
1058 243 1084 275 Ἀ
1095 240 1291 275 οοηιὶιιιιίειιιιθι
1302 238 1401 274 vigiliis
1419 237 1503 266 altius
1524 235 1679 271 Scriptum
1693 234 1815 265 divinas
1830 241 1910 261 scru-

255 296 380 323 ritalihus
394 303 447 322 non
459 297 558 330 potest,
571 295 628 329 jam
647 292 818 328 portantibus
833 290 976 325 imaginem
993 296 1049 316 cm-

253 341 329 369 lestis
336 340 452 368 hominis
462 348 468 367 :
477 339 539 367 1am
549 339 628 372 enim,
635 338 732 373 inquit.
740 345 792 365 non
798 344 843 364 vos
853 335 940 362 dicam
950 342 1046 367 seruos,

254 393 300 415 sea
315 387 424 418 amicos,
440 386 529 414 omnia
543 383 611 412 enim
625 391 683 419 qua:
697 383 785 410 audivi
801 391 817 408 η
829 386 903 416 patre
916 388 972 408 meo
987 383 1049 407 nota

253 433 326 460 nobis
349 431 400 467 [cci
417 430 510 467 (Joan.
533 430 591 466 xv).
605 429 728 463 Quandiu
748 428 837 462 itaque
855 433 902 454 vas
923 425 995 461 ﬁguli
1008 432 1048 458 es,

254 477 449 505 contereudum
464 476 515 503 hoc
529 476 616 509 ipsum
626 475 653 501 in
666 479 692 501 te
707 473 782 508 prius
797 473 871 507 virga
888 471 932 498 illa
947 470 1047 502 terrea,

243 522 289 550 Vde
298 529 351 557 qua
363 522 463 549 dictum
474 525 516 548 est
525 530 530 547 :
540 520 620 556 Reges
631 527 674 547 eo;
689 520 716 545 in
729 520 802 555 virga
815 518 910 553 ferrea,
924 522 1050 552 tanquam

241 570 301 596 ’ναι
322 566 396 603 ﬁguli
418 567 584 602 confringens
597 574 640 593 eos
655 565 742 601 (Paci.
757 565 804 601 ιι),
820 569 848 591 ιιι
861 567 990 598 corrupto
1003 570 1050 590 ex-

253 612 356 640 teriore
369 612 488 644 homine,
506 612 636 639 interiore
650 611 797 642 innovato,
813 609 901 645 possis
914 609 942 636 in
957 608 1049 635 chari-

255 664 313 687 tate
326 659 463 686 radicatus
485 663 513 685 et
534 658 662 685 fundatus
683 656 912 693 comprehendere
931 653 1051 682 latitudi-

255 714 326 739 nem,
343 706 549 743 longitudinem,
565 705 745 736 altitudinem,
756 702 935 738 profundum;
951 708 1051 737 cogno-

254 760 333 780 scere
357 753 440 779 etiam
470 751 726 787 supereminentiam
756 750 876 777 scientia:
907 747 1050 776 charitatis

254 798 356 826 Christi
382 798 493 834 (Ep/tes.
517 797 576 833 ιιι).
598 797 675 824 Nunc
700 797 791 831 itaque
814 803 875 823 cum
898 801 932 823 ex
957 794 1051 821 eadem

256 846 448 881 conspersione
466 846 537 872 Deus
557 844 610 872 alia
624 851 689 871 vasa
710 844 738 870 in
759 844 889 870 honorem
910 841 985 874 fecit,
998 841 1051 868 alia

255 891 284 923 in
296 891 560 923 contunieliam,non
572 893 614 917 est
627 893 701 916 tuum
714 889 857 920 discutere,
865 888 887 915 si
901 887 1051 915 secundum

1099 292 1201 319 tantur,
1210 286 1320 322 aperiri,
1331 293 1364 314 ex
1373 285 1473 321 quibus
1485 291 1531 312 me
1540 290 1593 310 non
1604 289 1663 310 esse
1672 288 1725 317 ego
1735 280 1817 309 bene
1834 280 1908 308 novi

1099 333 1129 361 Si
1143 334 1204 369 quis
1226 338 1316 360 tamen
1330 332 1376 364 sit,
1389 331 1437 366 qui
1453 331 1490 358 ita
1504 333 1615 364 quant,
1631 327 1755 359 inveniet
1771 335 1782 360 ;
1811 334 1910 354 verum

1098 385 1127 410 et
1139 385 1189 409 n'os
1200 388 1250 416 pro
1263 379 1366 407 viribus
1387 377 1422 405 ad
1443 385 1475 405 ea
1496 384 1556 411 quae
1575 375 1713 406 habentur
1725 374 1754 402 in
1772 373 1908 400 manibus

1098 431 1298 456 convertamur.
1318 424 1401 460 (66.)
1422 422 1444 451 0
1469 423 1559 455 hanno,
1572 421 1668 456 inquit,
1683 425 1714 447 tu
1733 420 1802 456 quia
1819 428 1849 446 ea
1864 418 1909 453 qui

1100 473 1255 509 respondeas
1277 472 1331 499 Deo
1339 472 1354 498 r
1363 469 1535 505 Resp-indere
1547 468 1602 496 Deo
1620 474 1673 495 non
1686 472 1775 501 posse
1792 465 1909 493 convin-

1099 520 1180 551 citur,
1192 519 1239 554 qui
1261 518 1344 546 homo
1363 516 1529 547 nominatur,
1547 513 1610 549 quia
1634 519 1683 548 per
1695 512 1751 539 hoc
1776 511 1858 545 quod
1875 509 1908 537 de

1100 566 1182 593 humo
1195 568 1319 599 sumptus
1331 567 1382 594 est,
1394 561 1495 597 judicia
1506 566 1625 595 superna
1639 558 1784 586 discutere
1808 556 1907 591 dignus

1100 619 1154 639 non
1172 614 1224 638 est.
1246 609 1322 637 Unde
1336 608 1364 636 in
1379 607 1429 635 Job
1443 606 1541 642 legitur
1554 614 1561 632 :
1576 604 1640 638 Qui:
1654 603 1746 631 dicere
1761 601 1791 629 ei
1805 606 1906 636 potest,

1100 657 1156 685 Cur
1175 658 1213 684 ita
1228 656 1316 692 fudi?
1328 655 1399 691 (Job.
1415 653 1465 688 XI.)
1477 652 1603 681 Auaoris
1627 650 1699 679 facta
1720 656 1844 685 semper
1867 648 1908 675 in-

1101 706 1222 733 discussa
1243 702 1395 731 veneranda
1417 703 1493 731 sunt,
1510 699 1572 734 quin
1594 697 1696 732 iniusta
1711 704 1779 724 esse
1806 703 1907 731 nequa-

1101 760 1182 787 quam
1194 755 1317 786 possunt.
1331 749 1475 777 Rationem
1485 747 1584 782 quippe
1595 746 1629 773 de
1640 744 1754 773 occulto
1769 743 1836 778 eius
1849 751 1908 771 oon-

1102 800 1162 827 silio
1189 805 1322 834 quaerere,
1342 796 1411 824 nihil
1439 800 1481 823 est
1509 794 1582 822 aliud
1605 800 1687 828 quam
1714 798 1825 820 comm
1855 793 1910 826 ejus

1101 844 1244 872 consilium
1262 842 1412 878 superbire.
1436 840 1503 868 Cum
1517 847 1582 875 ergo
1597 838 1732 866 factorum
1748 846 1841 866 causa
1859 845 1909 864 non

1103 891 1321 927 deprehenditur,
1339 892 1423 916 restat
1438 892 1467 915 ut
1486 887 1536 915 sub
1553 886 1631 914 factis
1648 885 1724 912 illius
1742 892 1812 912 cum
1826 885 1911 911 humi-

255 937 379 963 eamdem
394 935 613 970 conspersionem
628 934 716 961 adhuc
728 934 812 964 vivis,
832 933 858 960 id
880 937 921 960 cst
944 921 1053 960 terreno.
1066 929 1089 959 Β
1103 921 1178 965 mine
1189 935 1388 970 ωορτηψ-,φήῃ
1397 940 1568 968 nequaquam
1579 930 1795 959 suilieitsensns
1805 931 1911 959 carnis.

256 989 339 1009 sensu
353 985 381 1008 et
403 981 549 1008 carnaliter
569 980 651 1015 sapis.
672 979 776 1015 (Θήῃ.)
799 978 968 1015 Superﬂuum
986 986 1051 1014 ergo

256 1032 311 1059 est,
327 1026 397 1061 quod
409 1027 477 1054 dicis
490 1026 628 1062 Apostolo,
644 1030 672 1052 tu
684 1026 729 1060 qui
741 1026 903 1057 adversaris,
915 1025 977 1060 quid
990 1033 1051 1060 ergo

257 1072 344 1099 adhuc
361 1072 488 1107 queritur,
502 1071 629 1098 uoluntati
643 1071 711 1098 enim
721 1071 779 1106 ejus
793 1071 852 1106 quis
874 1071 969 1098 resistit
981 1071 993 1097 ?
1005 1078 1053 1098 vo—

258 1118 355 1145 luntati
375 1117 481 1152 quidem
495 1117 542 1144 Dei
556 1121 660 1144 certum
680 1121 722 1144 est
742 1117 813 1151 quod
828 1117 917 1145 nullus
927 1117 1050 1150 obsistat,

257 1163 305 1191 sed
320 1164 485 1191 voluntatem
495 1163 553 1197 ejus
563 1162 666 1197 justam
679 1167 837 1197 rectamque
849 1170 910 1191 esse
925 1164 995 1190 scire
1005 1171 1053 1190 nos

258 1207 393 1236 convenit.
405 1207 441 1235 Ut
453 1207 518 1235 boni
533 1208 604 1235 enim
615 1213 662 1235 aut
675 1207 739 1235 mali
754 1208 838 1236 simus
850 1207 950 1236 nostrm
959 1208 1053 1236 volun-

259 1255 324 1282 tatis
349 1258 400 1282 est.
423 1253 508 1281 Malus
531 1259 640 1285 autem,
657 1254 691 1281 ad
712 1254 863 1288 cujusmodi
887 1255 1012 1287 verbera,
1028 1259 1054 1282 et

257 1301 346 1328 bonus
370 1301 404 1328 ad
426 1300 575 1334 cujusmodi
601 1299 713 1335 gloriam
736 1300 887 1328 destinetur
907 1301 1054 1328 voluntatis

259 1350 302 1374 est
314 1346 371 1374 Dei.
387 1346 409 1374 0
422 1347 509 1379 homo,
527 1351 555 1373 tu
568 1347 626 1381 quis
639 1354 666 1373 ea
680 1347 724 1382 qui
738 1346 895 1381 respondeas
906 1345 973 1379 Deo,
988 1355 1055 1374 nun-

259 1393 323 1429 quid
338 1393 400 1421 dicit
419 1393 572 1428 ﬁgmentum
594 1393 618 1419 ei
632 1392 677 1428 qui
690 1400 718 1420 se
730 1392 817 1427 ﬁnxit,
832 1391 895 1427 quid
910 1400 951 1419 me
970 1392 1055 1426 fecisti

259 1441 320 1469 sic?
340 1440 468 1476 Legimus
481 1444 509 1467 et
528 1440 554 1467 in
575 1439 728 1475 Evangeliis
748 1446 806 1471 eos,
820 1439 866 1473 qui
891 1442 1017 1474 proterve
1029 1442 1056 1466 et

261 1487 407 1515 inﬁdeliter
432 1486 603 1521 inquirebant
619 1493 634 1513 a
648 1486 779 1518 Domino,
795 1486 823 1512 in
849 1492 901 1520 qua
921 1488 1056 1520 potestate

261 1533 321 1560 haec
343 1531 454 1564 faceret,
468 1539 527 1566 qua:
541 1531 668 1564 faciebat,
683 1536 711 1559 et
723 1532 784 1566 quis
798 1531 823 1558 ei
838 1531 957 1558 dedisset
977 1534 1055 1565 pote-

262 1583 361 1607 statem
376 1579 459 1610 hanc,
474 1585 507 1605 ne
524 1578 702 1613 responsione
721 1577 830 1612 quidem
844 1577 939 1612 dignos
949 1576 1058 1605 habitos

1102 989 1132 1012 ut
1145 988 1249 1012 secreta
1263 987 1386 1018 penetret
1398 980 1563 1015 maiestatis;
1576 979 1621 1014 qui
1635 986 1704 1013 ergo
1714 978 1744 1005 in
1762 976 1852 1013 factis
1868 976 1912 1003 Dei

1103 1030 1235 1057 rationem
1249 1036 1303 1055 non
1315 1028 1399 1059 videt,
1412 1026 1597 1053 inﬁrmitatem
1616 1031 1694 1051 suam
1708 1023 1910 1053 considerans,

1103 1083 1153 1103 cur
1168 1082 1220 1102 non
1239 1073 1330 1101 videat
1343 1072 1474 1099 rationem
1499 1071 1581 1098 videt.
1607 1069 1684 1097 Unde
1712 1076 1768 1103 per
1795 1067 1910 1095 Paulum

1104 1129 1213 1158 quoque
1230 1121 1427 1155 subsequenter
1445 1117 1618 1153 adjungitur:
1641 1114 1780 1149 Nunquid
1798 1115 1868 1141 dicit
1882 1113 1910 1147 ﬁ-

1104 1172 1235 1204 gmentum
1250 1168 1272 1194 ei
1284 1167 1329 1203 qui
1345 1175 1372 1193 se
1383 1166 1471 1200 ﬁnxit,
1485 1171 1566 1200 qum
1577 1171 1618 1190 me
1633 1162 1719 1197 {ccidi
1734 1162 1779 1188 sic
1789 1161 1804 1188 .’
1819 1169 1875 1194 quo
1884 1167 1909 1186 se

1105 1216 1176 1244 enim
1191 1214 1278 1242 cernit
1293 1214 1450 1249 ﬁgmentum
1464 1211 1546 1239 divini
1562 1217 1624 1238 esse
1636 1209 1740 1244 operis,
1752 1215 1795 1235 eo
1814 1213 1908 1235 seruet.

1106 1261 1192 1296 ipsum
1206 1260 1356 1295 redarguit,
1370 1266 1403 1285 ne
1417 1261 1510 1285 contra
1524 1262 1636 1283 manum
1651 1253 1772 1282 resultet
1789 1260 1908 1288 operan-

1107 1307 1153 1338 tis,
1167 1306 1230 1341 quia
1250 1305 1295 1340 qui
1314 1304 1429 1339 benigne
1449 1302 1521 1337 quod
1539 1308 1593 1329 non
1606 1303 1668 1327 erat.
1685 1298 1753 1327 fecit
1768 1299 1851 1333 quod
1863 1303 1907 1326 est.

1107 1352 1205 1386 injuste
1224 1357 1276 1377 non
1296 1349 1407 1377 deserit.
1429 1347 1471 1375 Ad
1490 1346 1663 1381 semetipsum
1677 1352 1747 1379 ergo
1762 1343 1838 1379 post
1851 1350 1909 1379 ptr-

1107 1398 1260 1426 cussionem
1273 1403 1350 1423 mens
1371 1395 1476 1426 redeat,
1489 1398 1518 1420 et
1535 1392 1608 1427 quod
1628 1390 1844 1426 apprehendere
1861 1398 1909 1417 non

1107 1443 1188 1475 valet,
1202 1449 1255 1469 non
1271 1441 1392 1477 requth
1404 1447 1412 1467 :
1424 1447 1458 1467 ne
1471 1439 1494 1467 si
1506 1438 1605 1466 divina
1626 1437 1674 1466 ira:
1687 1443 1774 1464 causa
1798 1436 1908 1464 disth

1108 1490 1185 1521 titur,
1203 1487 1318 1522 amplius
1333 1486 1455 1514 discussa
1466 1487 1640 1518 provocetur,
1652 1486 1682 1509 et
1703 1489 1792 1516 quam
1803 1481 1909 1516 placare

1109 1533 1246 1562 humilitas
1261 1535 1378 1567 poterat,
1393 1528 1647 1563 inexstingnibiliter
1666 1527 1801 1562 superbia
1818 1534 1910 1554 accen-

1109 1581 1166 1608 dat.
1188 1580 1228 1606 Αη
1251 1587 1303 1606 non
1316 1577 1394 1605 habet
1411 1579 1560 1611 potestatem
1583 1573 1680 1609 ﬁgulus
1700 1572 1751 1600 luti
1770 1580 1807 1599 ατ
1823 1572 1910 1599 eadem

220 1620 221 1631 ἶ
246 1664 248 1669 Ι
263 1624 340 1660 (Luc.
356 1623 415 1659 xx).
435 1623 567 1651 Similiter
581 1630 688 1658 quoque
700 1627 725 1649 et
740 1623 767 1649 in
781 1622 908 1657 praesenti
929 1621 988 1649 loco
1001 1629 1058 1649 mn-

1109 1633 1196 1655 maua
1219 1625 1292 1653 aliud
1311 1633 1356 1652 vos
1369 1624 1398 1651 in
1413 1624 1547 1654 honorem,
1561 1621 1635 1649 aliud
1653 1627 1712 1647 vero
1732 1620 1761 1645 in
1771 1624 1912 1653 contnu-

264 1675 322 1698 tum
333 1669 456 1698 videmus
467 1669 625 1704 Apostolum
636 1672 663 1695 et
673 1669 817 1696 adversum
831 1668 980 1696 insolentes
989 1676 1059 1703 quae-

265 1715 377 1747 stiones,
391 1721 422 1741 ac
435 1721 485 1749 per
498 1720 530 1741 ea
544 1722 604 1749 qua:
620 1713 952 1749 respondit,proponentis
965 1718 1060 1741 contu-

263 1759 381 1787 maciam
396 1758 558 1791 confudisse,
573 1759 611 1786 ait
624 1759 697 1787 eltim
710 1769 716 1786 :
729 1759 752 1786 0
763 1760 889 1791 homo,tu
907 1760 966 1794 quis
978 1767 1004 1787 es
1015 1760 1060 1795 qui

211 1807 213 1815 ‘
260 1807 357 1834 torum
380 1804 536 1839 respondeas
558 1804 703 1832 Deo.’ﬂoc
725 1809 767 1832 est
790 1805 862 1832 enim
888 1805 969 1832 homo
990 1806 1061 1840 apud

208 1854 211 1858 '
264 1850 350 1877 Deum
363 1850 434 1885 quod
450 1850 519 1884 apud
536 1849 644 1885 ﬁgulum
659 1850 759 1882 lutum;
776 1855 805 1877 et
817 1851 887 1877 sicut
903 1858 998 1878 servus
1012 1859 1061 1878 ne~

265 1905 347 1933 quam
373 1897 396 1924 si
421 1897 489 1924 forte
512 1897 648 1924 videbitur
673 1896 783 1924 domino
810 1897 867 1925 ﬁeri
892 1897 992 1925 debere
1014 1898 1062 1925 ali-

265 1943 337 1980 quod
353 1951 431 1980 opus,
445 1944 515 1978 quod
530 1948 558 1971 et
573 1944 686 1971 rationis
698 1949 725 1971 et
746 1944 871 1972 utilitatis
890 1945 999 1979 plenum
1014 1945 1061 1978 sit,

267 1989 313 2018 ille
328 1995 418 2017 autem
441 1991 547 2026 operari
569 1991 680 2023 nolens,
708 1999 739 2018 ea
764 1998 824 2025 quae
849 1991 975 2019 dominus
985 1991 1063 2026 jubet

269 2035 404 2064 discutere
424 2036 548 2071 incipiat,
571 2040 598 2063 et
622 2036 761 2071 requirere
774 2044 789 2063 a
800 2036 911 2063 domino
921 2056 929 2069 ,
947 2036 982 2064 Ut
997 2038 1063 2072 quid

204 2082 210 2085 ’
267 2082 320 2110 hoc
335 2090 403 2118 opus
418 2081 475 2109 ﬁeri
486 2081 584 2116 juhes?
607 2082 655 2110 Cui
670 2082 797 2118 prodest?
811 2082 859 2110 Cui
879 2084 1063 2110 necessarium

267 2128 327 2156 est?
344 2128 495 2156 contumaci
510 2135 589 2155 servo
602 2135 663 2162 qua:
675 2128 727 2155 erit
750 2131 804 2154 tam
817 2128 898 2163 digna
913 2129 1063 2163 responsio,

268 2174 321 2201 nisi
336 2177 366 2200 ut
375 2173 480 2200 dicatur
487 2173 522 2205 ei,
531 2173 569 2199 Tu
581 2173 639 2208 quis
648 2181 674 2200 es
685 2173 729 2209 qui
739 2176 831 2200 contra
842 2174 1002 2208 "spondeas
1018 2174 1066 2201 do-

218 2217 230 2224 "
269 2217 362 2247 mino?
373 2216 439 2253 puto
451 2222 540 2245 autem
555 2218 626 2253 quod
638 2219 675 2245 ita
692 2218 781 2253 placet
792 2218 916 2250 domino;
933 2227 987 2246 non
1000 2224 1066 2254 puto

270 2269 359 2293 autem
374 2265 444 2299 quod
462 2264 485 2292 si
505 2264 591 2292 ﬁdelis
615 2271 710 2292 servus
724 2269 753 2292 et
766 2265 886 2300 prudens
904 2266 1064 2311 interroget,

1111 1672 1195 1700 tum?
1216 1670 1334 1707 (Αωιπ.)
1357 1668 1530 1696 Manifestum
1548 1671 1591 1696 est
1610 1665 1791 1700 vasaaliqua
1808 1665 1868 1693 fieri
1883 1664 1912 1691 ad

1111 1719 1256 1750 honorem,
1271 1723 1331 1751 qua:
1342 1716 1375 1743 ad
1390 1722 1455 1743 usus
1467 1713 1666 1743 honestos/sint
1677 1711 1856 1744 necessaria,
1866 1710 1911 1737 alia

1110 1772 1177 1792 vero
1189 1763 1222 1791 ad
1236 1761 1427 1791 contumeliam
1437 1780 1444 1793 ,
1460 1768 1520 1795 quae
1535 1761 1716 1788 instrumenta
1732 1759 1790 1785 sint
1808 1758 1911 1786 culina-

1114 1817 1183 1837 rum.
1206 1808 1292 1836 Unius
1308 1812 1398 1836 tamen
1412 1801 1859 1835 esse'substantizehseddiﬁerre
1874 1809 1913 1828 vo-

1112 1855 1216 1883 li-tate
1224 1853 1330 1888 opiﬁcis
1341 1853 1369 1880 in
1379 1853 1520 1881 honorem.
1532 1851 1573 1879 ita
1581 1855 1610 1878 et
1622 1850 1761 1878 Deuscum
1773 1855 1877 1875 omnes
1885 1855 1913 1874 ea

1113 1905 1261 1935 manetque
1270 1899 1367 1927 eadem
1377 1905 1466 1926 massa
1479 1897 1565 1925 simus
1576 1896 1602 1924 in
1611 1894 1776 1926 substantia,
1785 1898 1814 1921 et
1826 1893 1915 1921 cuncti

1113 1952 1284 1983 peccatores,
1302 1945 1348 1972 alii
1372 1944 1517 1973 miscretur
1532 1947 1559 1970 et
1581 1941 1694 1969 alterum
1710 1940 1849 1975 despiu't,
1866 1947 1915 1966 non

1114 1992 1304 2027 sine-'jiistitia.
1320 1990 1352 2018 In
1365 1989 1445 2025 ﬁgulo
1460 1988 1533 2017 enim
1545 1987 1603 2016 sola
1613 1987 1737 2015 voluntas
1747 1990 1802 2018 est,
1818 1985 1850 2012 in
1864 1986 1916 2012 Deo

1114 2043 1204 2066 autem
1220 2038 1344 2065 voluntas
1356 2043 1418 2063 cum
1430 2034 1547 2069 iustitia.
1569 2033 1630 2061 Scit
1640 2033 1712 2061 enim
1727 2031 1804 2065 cuius
1818 2031 1918 2058 debeat

1115 2084 1250 2112 πήξει-ενι.
1270 2082 1368 2118 (Oi-ig.)
1385 2081 1419 2109 Et
1433 2080 1511 2116 apud.
1524 2079 1671 2108 Jeremiam
1684 2078 1848 2113 prophetam
1866 2077 1918 2103 tale

1116 2131 1217 2166 alquid
1240 2130 1355 2165 legimus
1377 2128 1444 2164 (lar.
1461 2127 1538 2162 xvm)
1551 2146 1559 2158 .
1574 2126 1620 2154 ubi
1638 2125 1749 2160 iubetur
1764 2132 1779 2152 a
1795 2123 1854 2151 Deo
1877 2124 1918 2150 in-

1116 2177 1200 2204 troire
1213 2176 1242 2203 in
1255 2175 1364 2202 domum
1378 2174 1498 2209 ﬁguli,et
1506 2173 1599 2201 videre
1613 2180 1675 2200 eum
1688 2171 1848 2206 ﬁngentem,
1864 2170 1920 2197 uti-

1117 2230 1171 2258 que
1184 2229 1234 2250 vas
1247 2221 1395 2257 collapsum
1408 2221 1442 2247 de
1457 2220 1581 2249 manibus
1594 2218 1843 2252 sulsirccnlligens.
1859 2225 1921 2244 rur-

1119 2275 1179 2296 sum
1205 2267 1284 2295 tinxit
1307 2267 1374 2294 illud
1390 2266 1549 2294 iseoundum
1572 2265 1741 2295 voluntatem
1763 2271 1857 2298 mam.
1887 2263 1920 2290 ει

267 2310 363 2337 volens
375 2308 525 2344 intelligere
538 2314 566 2337 et
579 2310 670 2336 mirari
685 2309 962 2344 sapientiamdomini
973 2331 980 2342 ,
995 2305 1068 2345 quod
1081 2309 1108 2339 D
1120 2315 1205 2350 factu;
1219 2319 1266 2342 at.
1277 2313 1474 2348 inqniusem
1483 2311 1535 2339 Dei
1548 2311 1583 2339 ad
1594 2310 1755 2345 claudicare
1764 2318 1777 2337 :.
1786 2305 1920 2343 Nunquid

270 2356 377 2384 dicatur
389 2356 425 2388 ei,
439 2355 478 2382 Tu
488 2356 547 2390 quia
559 2363 585 2382 es
594 2355 607 2382 Υ
616 2355 738 2390 Denique
750 2361 812 2382 cum
828 2354 919 2383 Daniel
935 2356 1067 2390 propheta

270 2401 438 2429 voluntatem
455 2401 562 2428 Domini
579 2401 761 2428 desiderasset
784 2405 940 2436 agnoscere,
956 2402 1027 2429 unde
1038 2405 1077 2429 et

270 2448 313 2475 vir
327 2446 524 2474 desideriorum
540 2445 691 2481 appellatus
703 2451 746 2473 est
761 2446 843 2481 (Dan.
862 2455 900 2478 ix,
915 2446 955 2481 χ),
970 2454 1024 2474 non
1042 2447 1069 2474 ei

272 2493 382 2522 dictum.
404 2490 443 2519 Tu
455 2493 511 2527 quis
526 2492 572 2519 es?
586 2492 640 2519 Sed
654 2492 755 2519 missus
768 2496 811 2519 est
824 2491 935 2526 angelus
946 2492 992 2527 qui
1007 2500 1070 2519 eum

272 2538 307 2566 de
318 2538 445 2566 omnibus
453 2536 501 2564 Dei
512 2537 759 2572 dispensationibus
769 2541 797 2564 et
807 2536 914 2570 judiciis
924 2537 1067 2570 edoceret;

271 2586 302 2611 et
313 2590 363 2610 nos
376 2590 452 2618 ergo,
468 2582 491 2610 si
507 2582 609 2617 aliquid
629 2590 661 2609 ex
681 2582 795 2609 secretis
810 2582 867 2613 Dei,
884 2586 912 2609 et
925 2583 1070 2611 reconditis

248 2639 249 2642 η
274 2627 460 2656 desideramus
472 2635 627 2663 agnoscere,
642 2627 665 2654 si
685 2627 879 2655 desideriorum
901 2631 928 2655 et
945 2635 997 2655 non
1010 2636 1072 2655 con-

275 2674 426 2702 tentionum
447 2673 498 2700 viri
522 2681 631 2704 sumus.
655 2673 788 2702 occultius
806 2674 835 2701 in
853 2674 951 2702 divinis
974 2674 1073 2702 litteris

269 2720 378 2747 inserta
395 2719 441 2747 Dei
451 2718 553 2753 judicia
573 2719 687 2747 ﬁdeliter
699 2724 727 2747 et
739 2720 877 2748 humiliter
890 2720 1071 2756 requiramus,

275 2770 418 2799 propterea
443 2771 560 2798 namque
579 2770 606 2793 et
622 2765 752 2793 Dominus
774 2766 897 2793 dicebat:
911 2765 1073 2794 Scrutamim'

279 2808 432 2843 Scriptura:
453 2808 544 2843 (Joan.
566 2810 602 2844 ν),
628 2811 728 2837 sciens
738 2811 796 2838 hzec
808 2818 861 2838 non
874 2812 909 2838 ab
924 2811 967 2839 his
981 2812 1026 2847 qui
1044 2812 1073 2840 in

280 2852 340 2879 aliis
353 2854 467 2886 negotiis
485 2855 608 2889 occupati
630 2857 785 2884 transitorie
799 2857 840 2884 vel
854 2857 969 2885 audiunt
981 2857 1021 2885 vel
1036 2857 1074 2885 le-

282 2901 361 2930 gunt,
379 2899 426 2926 sed
439 2899 482 2926 his
492 2900 538 2934 qui
550 2906 623 2930 recto
634 2906 662 2929 et
671 2902 787 2938 simplici
796 2904 890 2936 corde,
899 2903 958 2940 iugi
971 2904 1073 2938 labore,

1107 2370 1109 2377 π
1119 2368 1165 2395 ego
1176 2365 1345 2394 nou'pouum
1357 2358 1444 2393 facere
1452 2358 1560 2385 domum
1570 2357 1655 2386 Iam!
1665 2358 1732 2385 sicut
1739 2356 1840 2392 ﬁgulus
1853 2356 1921 2383 ista!

1119 2404 1147 2441 (1
1149 2405 1215 2438 bid.)
1229 2404 1262 2432 Et
1274 2403 1417 2438 [Sapientia
1430 2403 1520 2431 dicit:
1537 2401 1606 2432 Vota
1613 2402 1693 2437 ﬁguli
1705 2402 1798 2437 probat
1805 2401 1918 2438 Ῑρηιιτν

1119 2456 1144 2478 et
1159 2450 1276 2477 homines
1295 2450 1381 2485 justas
1400 2450 1509 2477 tentatio
1521 2448 1618 2484 (Eocli.
1630 2449 1728 2481 nvu),
1744 2448 1830 2477 liabet
1849 2454 1915 2482 ergo

1121 2497 1208 2525 nostri
1224 2497 1294 2524 Deus
1308 2501 1483 2531 potestam,
1493 2497 1564 2525 sicut
1572 2501 1599 2524 et
1611 2497 1708 2532 ﬁgulus
1721 2496 1780 2529 luti,
1794 2501 1827 2523 ut
1836 2495 1918 2523 faciat

1097 2551 1101 2555 ’
1122 2542 1156 2570 ab
1171 2543 1266 2570 eadem
1283 2549 1450 2570 massa‘vasa
1463 2542 1498 2569 ad
1513 2543 1643 2570 honorem
1654 2562 1661 2574 ,
1677 2546 1706 2570 et
1723 2549 1784 2570 rasa
1800 2541 1834 2569 ad
1854 2549 1919 2568 con-

1122 2588 1271 2616 tumeliam.
1293 2587 1350 2615 Tibi
1367 2595 1438 2623 ergo
1454 2588 1501 2623 qui
1525 2588 1673 2616 insolenter
1688 2588 1837 2623 respondes
1852 2588 1918 2618 Deo,

1123 2633 1182 2660 base
1199 2632 1309 2660 audisse
1325 2632 1456 2665 amiciat;
1472 2633 1520 2667 qui
1534 2640 1599 2661 vero
1612 2640 1695 2668 opera
1710 2632 1857 2667 Sapientiae
1873 2633 1918 2660 Dei

1122 2679 1150 2705 in
1172 2678 1419 2713 dispensationihus
1442 2678 1500 2712 ejus
1521 2679 1659 2707 desiderat
1679 2679 1812 2711 contueri,
1829 2679 1919 2706 audiat

1124 2724 1150 2751 in
1164 2724 1217 2751 alio
1237 2724 1297 2752 loco
1311 2725 1345 2752 de
1361 2724 1406 2753 his
1426 2725 1491 2759 ipsis
1504 2725 1619 2753 Paulum
1630 2720 1784 2753 divinorum
1797 2730 1920 2755 Secreto-

1124 2777 1185 2797 rum
1194 2770 1333 2797 conscium
1346 2771 1528 2805 disputantem
1538 2770 1582 2807 (11
1595 2770 1662 2799 Tim.
1676 2771 1707 2807 ιι)
1716 2780 1725 2798 :
1734 2771 1770 2801 In
1781 2772 1859 2799 dum;
1872 2781 1919 2798 au-

1126 2821 1175 2844 tem
1192 2824 1288 2851 mgna
1301 2824 1354 2843 non
1367 2822 1439 2849 sunt,
1451 2817 1547 2852 inquit,
1562 2818 1744 2848 tantummodo
1760 2825 1824 2849 om
1840 2826 1919 2844 trum

1126 2867 1149 2890 et
1164 2862 1355 2897 a_rgentu,iaed
1366 2867 1390 2890 et
1404 2863 1491 2898 lignea
1502 2868 1528 2890 et
1536 2863 1640 2897 ﬁctilia,
1657 2869 1682 2891 et
1698 2864 1755 2892 alio
1765 2864 1872 2898 quidem
1884 2864 1920 2891 ad

1126 2908 1261 2941 laetiorem,
1272 2908 1330 2936 alia
1340 2914 1430 2938 autent
1441 2909 1479 2937 ad»
1492 2910 1690 2940 comic».
1705 2910 1740 2939 Si
1750 2918 1814 2946 ergo
1827 2919 1919 2939 emun-
