  <div class='ocr_page' id='page_1' title='image "/cluster/home/n/w/nwhite01/storage/ocr_20150623/111/hvd.32044009716333/769.png"; bbox 0 0 4000 6398; ppageno 0'>
   <div class='ocr_carea' id='block_1_1' title="bbox 453 262 594 322">
    <p class='ocr_par' dir='ltr' id='par_1_1' title="bbox 453 262 594 322">
     <span class='ocr_line' id='line_1_1' title="bbox 453 262 594 322; baseline 0.021 -3"><span class='ocrx_word' id='word_1_1' title='bbox 453 262 594 322; x_wconf 66' lang='grc'><strong>1525</strong></span> 
     </span>
    </p>
   </div>
   <div class='ocr_carea' id='block_1_2' title="bbox 1087 227 3073 314">
    <p class='ocr_par' dir='ltr' id='par_1_2' title="bbox 1087 227 3073 314">
     <span class='ocr_line' id='line_1_2' title="bbox 1087 227 3073 314; baseline -0.005 0"><span class='ocrx_word' id='word_1_2' title='bbox 1087 257 1150 314; x_wconf 85' lang='lat' dir='ltr'><strong>n.</strong></span> <span class='ocrx_word' id='word_1_3' title='bbox 1187 253 1444 314; x_wconf 78' lang='lat' dir='ltr'><strong>RABANI</strong></span> <span class='ocrx_word' id='word_1_4' title='bbox 1479 253 1704 314; x_wconf 53' lang='lat' dir='ltr'><strong>unum</strong></span> <span class='ocrx_word' id='word_1_5' title='bbox 1738 252 2060 312; x_wconf 68' lang='lat' dir='ltr'><strong>meumr.</strong></span> <span class='ocrx_word' id='word_1_6' title='bbox 2096 249 2405 312; x_wconf 72' lang='lat' dir='ltr'><strong>uocum.</strong></span> <span class='ocrx_word' id='word_1_7' title='bbox 2445 247 2734 310; x_wconf 79' lang='lat' dir='ltr'><strong>OPERUM</strong></span> <span class='ocrx_word' id='word_1_8' title='bbox 2769 227 2950 308; x_wconf 66' lang='lat' dir='ltr'><strong>rans</strong></span> <span class='ocrx_word' id='word_1_9' title='bbox 2983 247 3073 306; x_wconf 84' lang='lat' dir='ltr'><strong>n1.</strong></span> 
     </span>
    </p>
   </div>
   <div class='ocr_carea' id='block_1_3' title="bbox 3639 249 3821 306">
    <p class='ocr_par' dir='ltr' id='par_1_3' title="bbox 3639 249 3821 306">
     <span class='ocr_line' id='line_1_3' title="bbox 3639 249 3821 306; baseline 0.022 -4"><span class='ocrx_word' id='word_1_10' title='bbox 3639 249 3821 306; x_wconf 62' lang='grc' dir='ltr'>ιδει</span> 
     </span>
    </p>
   </div>
   <div class='ocr_carea' id='block_1_4' title="bbox 447 361 3820 452">
    <p class='ocr_par' dir='ltr' id='par_1_4' title="bbox 447 361 3820 452">
     <span class='ocr_line' id='line_1_4' title="bbox 447 361 3820 452; baseline -0.006 -14"><span class='ocrx_word' id='word_1_11' title='bbox 447 381 634 452; x_wconf 81' lang='lat' dir='ltr'><strong>utique</strong></span> <span class='ocrx_word' id='word_1_12' title='bbox 649 377 741 450; x_wconf 90' lang='lat' dir='ltr'><strong>qui</strong></span> <span class='ocrx_word' id='word_1_13' title='bbox 758 375 1036 433; x_wconf 78' lang='lat' dir='ltr'><strong>Christum</strong></span> <span class='ocrx_word' id='word_1_14' title='bbox 1057 373 1302 430; x_wconf 64' lang='lat' dir='ltr'><strong>videntes</strong></span> <span class='ocrx_word' id='word_1_15' title='bbox 1323 373 1380 428; x_wconf 89' lang='lat' dir='ltr'><strong>in</strong></span> <span class='ocrx_word' id='word_1_16' title='bbox 1408 386 1654 444; x_wconf 88' lang='lat' dir='ltr'><strong>corpore,</strong></span> <span class='ocrx_word' id='word_1_17' title='bbox 1671 379 1728 428; x_wconf 90' lang='lat' dir='ltr'><strong>et</strong></span> <span class='ocrx_word' id='word_1_18' title='bbox 1751 371 2032 428; x_wconf 77' lang='lat' dir='ltr'><strong>audientes</strong></span> <span class='ocrx_word' id='word_1_19' title='bbox 2057 370 2113 434; x_wconf 77' lang='grc' dir='ltr'><strong>Δ</strong></span> <span class='ocrx_word' id='word_1_20' title='bbox 2137 381 2236 438; x_wconf 87' lang='lat' dir='ltr'><strong>per</strong></span> <span class='ocrx_word' id='word_1_21' title='bbox 2253 365 2310 423; x_wconf 97' lang='lat' dir='ltr'><strong>id</strong></span> <span class='ocrx_word' id='word_1_22' title='bbox 2333 364 2480 436; x_wconf 87' lang='lat' dir='ltr'><strong>quod</strong></span> <span class='ocrx_word' id='word_1_23' title='bbox 2497 365 2665 432; x_wconf 85' lang='lat' dir='ltr'><strong>videt,</strong></span> <span class='ocrx_word' id='word_1_24' title='bbox 2685 363 3025 422; x_wconf 86' lang='lat' dir='ltr'><strong>conditorem</strong></span> <span class='ocrx_word' id='word_1_25' title='bbox 3049 361 3166 434; x_wconf 83' lang='lat' dir='ltr'><strong>ejus</strong></span> <span class='ocrx_word' id='word_1_26' title='bbox 3190 375 3536 434; x_wconf 69' lang='lat' dir='ltr'><strong>agnoscere,</strong></span> <span class='ocrx_word' id='word_1_27' title='bbox 3569 370 3645 418; x_wconf 72' lang='lat' dir='ltr'><strong>et</strong></span> <span class='ocrx_word' id='word_1_28' title='bbox 3675 365 3820 420; x_wconf 77' lang='lat' dir='ltr'><strong>col-</strong></span> 
     </span>
    </p>
   </div>
   <div class='ocr_carea' id='block_1_5' title="bbox 447 463 2032 539">
    <p class='ocr_par' dir='ltr' id='par_1_5' title="bbox 447 463 2032 539">
     <span class='ocr_line' id='line_1_5' title="bbox 447 463 2032 539; baseline -0.008 -9"><span class='ocrx_word' id='word_1_29' title='bbox 447 471 752 531; x_wconf 77' lang='lat' dir='ltr'><strong>doctrinam</strong></span> <span class='ocrx_word' id='word_1_30' title='bbox 800 468 939 539; x_wconf 84' lang='lat' dir='ltr'><strong>ejus,</strong></span> <span class='ocrx_word' id='word_1_31' title='bbox 985 482 1164 539; x_wconf 86' lang='lat' dir='ltr'><strong>neque</strong></span> <span class='ocrx_word' id='word_1_32' title='bbox 1216 466 1440 522; x_wconf 82' lang='lat' dir='ltr'><strong>credere</strong></span> <span class='ocrx_word' id='word_1_33' title='bbox 1491 463 1744 536; x_wconf 82' lang='lat' dir='ltr'><strong>operibus</strong></span> <span class='ocrx_word' id='word_1_34' title='bbox 1785 479 1906 534; x_wconf 72' lang='lat' dir='ltr'><strong>quas</strong></span> <span class='ocrx_word' id='word_1_35' title='bbox 1947 463 2032 518; x_wconf 81' lang='lat' dir='ltr'><strong>vi-</strong></span> 
     </span>
    </p>
   </div>
   <div class='ocr_carea' id='block_1_6' title="bbox 447 554 2028 633">
    <p class='ocr_par' dir='ltr' id='par_1_6' title="bbox 447 554 2028 633">
     <span class='ocr_line' id='line_1_6' title="bbox 447 554 2028 633; baseline -0.008 -11"><span class='ocrx_word' id='word_1_36' title='bbox 447 565 669 632; x_wconf 84' lang='lat' dir='ltr'><strong>debant,</strong></span> <span class='ocrx_word' id='word_1_37' title='bbox 699 577 875 633; x_wconf 90' lang='lat' dir='ltr'><strong>neque</strong></span> <span class='ocrx_word' id='word_1_38' title='bbox 898 561 1068 618; x_wconf 84' lang='lat' dir='ltr'><strong>verbo</strong></span> <span class='ocrx_word' id='word_1_39' title='bbox 1093 558 1240 633; x_wconf 87' lang='lat' dir='ltr'><strong>quod</strong></span> <span class='ocrx_word' id='word_1_40' title='bbox 1259 557 1551 614; x_wconf 75' lang='lat' dir='ltr'><strong>audiebant</strong></span> <span class='ocrx_word' id='word_1_41' title='bbox 1569 556 1812 622; x_wconf 76' lang='lat' dir='ltr'><strong>obedire,</strong></span> <span class='ocrx_word' id='word_1_42' title='bbox 1839 554 2028 610; x_wconf 60' lang='lat' dir='ltr'><strong>volueo</strong></span> 
     </span>
    </p>
   </div>
   <div class='ocr_carea' id='block_1_7' title="bbox 445 645 2036 724">
    <p class='ocr_par' dir='ltr' id='par_1_7' title="bbox 445 645 2036 724">
     <span class='ocr_line' id='line_1_7' title="bbox 445 645 2036 724; baseline -0.006 -12"><span class='ocrx_word' id='word_1_43' title='bbox 445 655 800 714; x_wconf 77' lang='lat' dir='ltr'><strong>mnt.Verum</strong></span> <span class='ocrx_word' id='word_1_44' title='bbox 815 654 884 710; x_wconf 90' lang='lat' dir='ltr'><strong>de</strong></span> <span class='ocrx_word' id='word_1_45' title='bbox 899 653 1006 710; x_wconf 75' lang='lat' dir='ltr'><strong>hac</strong></span> <span class='ocrx_word' id='word_1_46' title='bbox 1023 653 1141 724; x_wconf 88' lang='lat' dir='ltr'><strong>ipsa</strong></span> <span class='ocrx_word' id='word_1_47' title='bbox 1157 650 1463 722; x_wconf 60' lang='lat' dir='ltr'><strong>quastione</strong></span> <span class='ocrx_word' id='word_1_48' title='bbox 1475 647 1808 704; x_wconf 70' lang='lat' dir='ltr'><strong>sufﬁcienter</strong></span> <span class='ocrx_word' id='word_1_49' title='bbox 1826 661 1858 701; x_wconf 91' lang='lat' dir='ltr'><strong>a</strong></span> <span class='ocrx_word' id='word_1_50' title='bbox 1873 645 2036 703; x_wconf 78' lang='lat' dir='ltr'><strong>nobis</strong></span> 
     </span>
    </p>
   </div>
   <div class='ocr_carea' id='block_1_8' title="bbox 447 738 2031 822">
    <p class='ocr_par' dir='ltr' id='par_1_8' title="bbox 447 738 2031 822">
     <span class='ocr_line' id='line_1_8' title="bbox 447 738 2031 822; baseline -0.006 -17"><span class='ocrx_word' id='word_1_51' title='bbox 447 750 502 805; x_wconf 92' lang='lat' dir='ltr'><strong>in</strong></span> <span class='ocrx_word' id='word_1_52' title='bbox 543 749 737 822; x_wconf 80' lang='lat' dir='ltr'><strong>primis</strong></span> <span class='ocrx_word' id='word_1_53' title='bbox 769 747 1026 818; x_wconf 73' lang='lat' dir='ltr'><strong>Epistula:</strong></span> <span class='ocrx_word' id='word_1_54' title='bbox 1067 743 1228 815; x_wconf 86' lang='lat' dir='ltr'><strong>hujus</strong></span> <span class='ocrx_word' id='word_1_55' title='bbox 1278 743 1527 816; x_wconf 80' lang='lat' dir='ltr'><strong>partibus</strong></span> <span class='ocrx_word' id='word_1_56' title='bbox 1569 743 1772 800; x_wconf 86' lang='lat' dir='ltr'><strong>dictum</strong></span> <span class='ocrx_word' id='word_1_57' title='bbox 1793 749 1898 798; x_wconf 87' lang='lat' dir='ltr'><strong>est.</strong></span> <span class='ocrx_word' id='word_1_58' title='bbox 1925 738 2031 796; x_wconf 84' lang='lat' dir='ltr'><strong>Ubi</strong></span> 
     </span>
    </p>
   </div>
   <div class='ocr_carea' id='block_1_9' title="bbox 446 830 2028 912">
    <p class='ocr_par' dir='ltr' id='par_1_9' title="bbox 446 830 2028 912">
     <span class='ocr_line' id='line_1_9' title="bbox 446 830 2028 912; baseline -0.006 -16"><span class='ocrx_word' id='word_1_59' title='bbox 446 849 630 896; x_wconf 86' lang='lat' dir='ltr'><strong>tamen</strong></span> <span class='ocrx_word' id='word_1_60' title='bbox 659 840 924 910; x_wconf 79' lang='lat' dir='ltr'><strong>scriptum</strong></span> <span class='ocrx_word' id='word_1_61' title='bbox 945 845 1030 894; x_wconf 89' lang='lat' dir='ltr'><strong>est</strong></span> <span class='ocrx_word' id='word_1_62' title='bbox 1049 837 1156 893; x_wconf 84' lang='lat' dir='ltr'><strong>hoc</strong></span> <span class='ocrx_word' id='word_1_63' title='bbox 1183 837 1359 912; x_wconf 85' lang='lat' dir='ltr'><strong>ipsum</strong></span> <span class='ocrx_word' id='word_1_64' title='bbox 1377 833 1522 906; x_wconf 86' lang='lat' dir='ltr'><strong>quod</strong></span> <span class='ocrx_word' id='word_1_65' title='bbox 1550 834 1684 892; x_wconf 86' lang='lat' dir='ltr'><strong>dicit</strong></span> <span class='ocrx_word' id='word_1_66' title='bbox 1707 830 2028 905; x_wconf 78' lang='lat' dir='ltr'><strong>Apostolus:</strong></span> 
     </span>
    </p>
   </div>
   <div class='ocr_carea' id='block_1_10' title="bbox 447 926 2028 1000">
    <p class='ocr_par' dir='ltr' id='par_1_10' title="bbox 447 926 2028 1000">
     <span class='ocr_line' id='line_1_10' title="bbox 447 926 2028 1000; baseline -0.006 -13"><span class='ocrx_word' id='word_1_67' title='bbox 447 930 600 987; x_wconf 82' lang='lat' dir='ltr'><strong>Sicut</strong></span> <span class='ocrx_word' id='word_1_68' title='bbox 626 931 882 1000; x_wconf 84' lang='lat' dir='ltr'><strong>scriptum</strong></span> <span class='ocrx_word' id='word_1_69' title='bbox 901 936 1012 986; x_wconf 86' lang='lat' dir='ltr'><strong>est:</strong></span> <span class='ocrx_word' id='word_1_70' title='bbox 1028 927 1188 983; x_wconf 81' lang='lat' dir='ltr'><strong>Dedit</strong></span> <span class='ocrx_word' id='word_1_71' title='bbox 1205 927 1314 984; x_wconf 96' lang='lat' dir='ltr'><strong>illis</strong></span> <span class='ocrx_word' id='word_1_72' title='bbox 1335 927 1478 982; x_wconf 87' lang='lat' dir='ltr'><strong>Deus</strong></span> <span class='ocrx_word' id='word_1_73' title='bbox 1501 926 1747 998; x_wconf 76' lang='lat' dir='ltr'><strong>spiritum</strong></span> <span class='ocrx_word' id='word_1_74' title='bbox 1772 939 2028 995; x_wconf 85' lang='lat' dir='ltr'><strong>compun-</strong></span> 
     </span>
    </p>
   </div>
   <div class='ocr_carea' id='block_1_11' title="bbox 444 1015 2034 1090">
    <p class='ocr_par' dir='ltr' id='par_1_11' title="bbox 444 1015 2034 1090">
     <span class='ocr_line' id='line_1_11' title="bbox 444 1015 2034 1090; baseline -0.004 -14"><span class='ocrx_word' id='word_1_75' title='bbox 444 1023 652 1090; x_wconf 88' lang='lat' dir='ltr'><strong>ctionis,</strong></span> <span class='ocrx_word' id='word_1_76' title='bbox 683 1023 862 1078; x_wconf 75' lang='lat' dir='ltr'><strong>oculos</strong></span> <span class='ocrx_word' id='word_1_77' title='bbox 887 1031 944 1077; x_wconf 87' lang='lat' dir='ltr'><strong>ut</strong></span> <span class='ocrx_word' id='word_1_78' title='bbox 965 1039 1068 1077; x_wconf 88' lang='lat' dir='ltr'><strong>non</strong></span> <span class='ocrx_word' id='word_1_79' title='bbox 1095 1021 1324 1087; x_wconf 79' lang='lat' dir='ltr'><strong>uideant,</strong></span> <span class='ocrx_word' id='word_1_80' title='bbox 1347 1031 1399 1075; x_wconf 81' lang='lat' dir='ltr'><strong>et</strong></span> <span class='ocrx_word' id='word_1_81' title='bbox 1418 1035 1572 1074; x_wconf 88' lang='lat' dir='ltr'><strong>aures</strong></span> <span class='ocrx_word' id='word_1_82' title='bbox 1597 1026 1656 1073; x_wconf 75' lang='lat' dir='ltr'><strong>ut</strong></span> <span class='ocrx_word' id='word_1_83' title='bbox 1685 1033 1791 1072; x_wconf 90' lang='lat' dir='ltr'><strong>non</strong></span> <span class='ocrx_word' id='word_1_84' title='bbox 1807 1015 2034 1072; x_wconf 80' lang='lat' dir='ltr'><strong>audiant</strong></span> 
     </span>
    </p>
   </div>
   <div class='ocr_carea' id='block_1_12' title="bbox 444 1111 2035 1186">
    <p class='ocr_par' dir='ltr' id='par_1_12' title="bbox 444 1111 2035 1186">
     <span class='ocr_line' id='line_1_12' title="bbox 444 1111 2035 1186; baseline -0.003 -16"><span class='ocrx_word' id='word_1_85' title='bbox 444 1132 608 1186; x_wconf 84' lang='lat' dir='ltr'><strong>usque</strong></span> <span class='ocrx_word' id='word_1_86' title='bbox 631 1117 688 1171; x_wconf 87' lang='lat' dir='ltr'><strong>in</strong></span> <span class='ocrx_word' id='word_1_87' title='bbox 715 1116 1022 1170; x_wconf 85' lang='lat' dir='ltr'><strong>hodiernum</strong></span> <span class='ocrx_word' id='word_1_88' title='bbox 1045 1116 1182 1170; x_wconf 87' lang='lat' dir='ltr'><strong>diem</strong></span> <span class='ocrx_word' id='word_1_89' title='bbox 1205 1132 1225 1181; x_wconf 88' lang='lat'><em>;</em></span> <span class='ocrx_word' id='word_1_90' title='bbox 1247 1130 1348 1186; x_wconf 83' lang='lat' dir='ltr'><strong>ego</strong></span> <span class='ocrx_word' id='word_1_91' title='bbox 1371 1115 1633 1169; x_wconf 83' lang='lat' dir='ltr'><strong>hactenus</strong></span> <span class='ocrx_word' id='word_1_92' title='bbox 1659 1111 1902 1167; x_wconf 82' lang='lat' dir='ltr'><strong>invenire</strong></span> <span class='ocrx_word' id='word_1_93' title='bbox 1921 1123 2035 1166; x_wconf 87' lang='lat' dir='ltr'><strong>non</strong></span> 
     </span>
    </p>
   </div>
   <div class='ocr_carea' id='block_1_13' title="bbox 444 1201 2033 1278">
    <p class='ocr_par' dir='ltr' id='par_1_13' title="bbox 444 1201 2033 1278">
     <span class='ocr_line' id='line_1_13' title="bbox 444 1201 2033 1278; baseline 0.001 -17"><span class='ocrx_word' id='word_1_94' title='bbox 444 1206 618 1277; x_wconf 84' lang='lat' dir='ltr'><strong>potui.</strong></span> <span class='ocrx_word' id='word_1_95' title='bbox 657 1205 713 1262; x_wconf 83' lang='lat' dir='ltr'><strong>Si</strong></span> <span class='ocrx_word' id='word_1_96' title='bbox 755 1207 874 1276; x_wconf 84' lang='lat' dir='ltr'><strong>quis</strong></span> <span class='ocrx_word' id='word_1_97' title='bbox 916 1221 1047 1262; x_wconf 85' lang='lat' dir='ltr'><strong>vero</strong></span> <span class='ocrx_word' id='word_1_98' title='bbox 1091 1205 1399 1278; x_wconf 75' lang='lat' dir='ltr'><strong>diligentius</strong></span> <span class='ocrx_word' id='word_1_99' title='bbox 1437 1219 1601 1276; x_wconf 85' lang='lat' dir='ltr'><strong>quam</strong></span> <span class='ocrx_word' id='word_1_100' title='bbox 1646 1218 1748 1259; x_wconf 89' lang='lat' dir='ltr'><strong>nos</strong></span> <span class='ocrx_word' id='word_1_101' title='bbox 1801 1201 2033 1262; x_wconf 73' lang='lat' dir='ltr'><strong>intendit</strong></span> 
     </span>
    </p>
   </div>
   <div class='ocr_carea' id='block_1_14' title="bbox 445 1293 2034 1368">
    <p class='ocr_par' dir='ltr' id='par_1_14' title="bbox 445 1293 2034 1368">
     <span class='ocr_line' id='line_1_14' title="bbox 445 1293 2034 1368; baseline -0.001 -16"><span class='ocrx_word' id='word_1_102' title='bbox 445 1297 502 1352; x_wconf 89' lang='lat' dir='ltr'><strong>in</strong></span> <span class='ocrx_word' id='word_1_103' title='bbox 534 1297 829 1368; x_wconf 88' lang='lat' dir='ltr'><strong>Seripturis</strong></span> <span class='ocrx_word' id='word_1_104' title='bbox 855 1297 1068 1366; x_wconf 87' lang='lat' dir='ltr'><strong>divinis,</strong></span> <span class='ocrx_word' id='word_1_105' title='bbox 1099 1299 1144 1354; x_wconf 92' lang='lat' dir='ltr'><strong>si</strong></span> <span class='ocrx_word' id='word_1_106' title='bbox 1181 1297 1466 1364; x_wconf 81' lang='lat' dir='ltr'><strong>invenerit,</strong></span> <span class='ocrx_word' id='word_1_107' title='bbox 1515 1294 1843 1351; x_wconf 80' lang='lat' dir='ltr'><strong>manilestet.</strong></span> <span class='ocrx_word' id='word_1_108' title='bbox 1892 1293 2034 1351; x_wconf 86' lang='lat' dir='ltr'><strong>Puto</strong></span> 
     </span>
    </p>
   </div>
   <div class='ocr_carea' id='block_1_15' title="bbox 441 1387 2030 1461">
    <p class='ocr_par' dir='ltr' id='par_1_15' title="bbox 441 1387 2030 1461">
     <span class='ocr_line' id='line_1_15' title="bbox 441 1387 2030 1461; baseline -0.005 -14"><span class='ocrx_word' id='word_1_109' title='bbox 441 1399 625 1447; x_wconf 86' lang='lat' dir='ltr'><strong>tamen</strong></span> <span class='ocrx_word' id='word_1_110' title='bbox 668 1391 772 1446; x_wconf 89' lang='lat' dir='ltr'><strong>hoc</strong></span> <span class='ocrx_word' id='word_1_111' title='bbox 812 1391 972 1447; x_wconf 87' lang='lat' dir='ltr'><strong>modo</strong></span> <span class='ocrx_word' id='word_1_112' title='bbox 1000 1391 1204 1447; x_wconf 78' lang='lat' dir='ltr'><strong>dixisse</strong></span> <span class='ocrx_word' id='word_1_113' title='bbox 1254 1388 1572 1461; x_wconf 86' lang='lat' dir='ltr'><strong>Apostolum</strong></span> <span class='ocrx_word' id='word_1_114' title='bbox 1604 1407 1616 1443; x_wconf 88' lang='lat'><strong>:</strong></span> <span class='ocrx_word' id='word_1_115' title='bbox 1670 1387 1860 1443; x_wconf 67' lang='lat' dir='ltr'><strong>Crateri</strong></span> <span class='ocrx_word' id='word_1_116' title='bbox 1912 1401 2030 1441; x_wconf 73' lang='lat' dir='ltr'><strong>uero</strong></span> 
     </span>
    </p>
   </div>
   <div class='ocr_carea' id='block_1_16' title="bbox 439 1478 2031 1555">
    <p class='ocr_par' dir='ltr' id='par_1_16' title="bbox 439 1478 2031 1555">
     <span class='ocr_line' id='line_1_16' title="bbox 439 1478 2031 1555; baseline -0.003 -16"><span class='ocrx_word' id='word_1_117' title='bbox 439 1484 691 1540; x_wconf 63' lang='lat' dir='ltr'><strong>caementi</strong></span> <span class='ocrx_word' id='word_1_118' title='bbox 719 1494 874 1550; x_wconf 85' lang='lat' dir='ltr'><strong>sunt;</strong></span> <span class='ocrx_word' id='word_1_119' title='bbox 901 1493 948 1540; x_wconf 88' lang='lat' dir='ltr'><strong>et</strong></span> <span class='ocrx_word' id='word_1_120' title='bbox 969 1485 1104 1539; x_wconf 89' lang='lat' dir='ltr'><strong>sicut</strong></span> <span class='ocrx_word' id='word_1_121' title='bbox 1125 1484 1374 1555; x_wconf 84' lang='lat' dir='ltr'><strong>scriptum</strong></span> <span class='ocrx_word' id='word_1_122' title='bbox 1399 1491 1475 1538; x_wconf 82' lang='lat' dir='ltr'><strong>est</strong></span> <span class='ocrx_word' id='word_1_123' title='bbox 1504 1482 1569 1537; x_wconf 84' lang='lat' dir='ltr'><strong>de</strong></span> <span class='ocrx_word' id='word_1_124' title='bbox 1597 1483 1712 1538; x_wconf 83' lang='lat' dir='ltr'><strong>eis:</strong></span> <span class='ocrx_word' id='word_1_125' title='bbox 1747 1479 1904 1536; x_wconf 82' lang='lat' dir='ltr'><strong>Dedit</strong></span> <span class='ocrx_word' id='word_1_126' title='bbox 1922 1478 2031 1534; x_wconf 81' lang='lat' dir='ltr'><strong>illis</strong></span> 
     </span>
    </p>
   </div>
   <div class='ocr_carea' id='block_1_17' title="bbox 441 1572 2031 1648">
    <p class='ocr_par' dir='ltr' id='par_1_17' title="bbox 441 1572 2031 1648">
     <span class='ocr_line' id='line_1_17' title="bbox 441 1572 2031 1648; baseline -0.002 -18"><span class='ocrx_word' id='word_1_127' title='bbox 441 1575 584 1630; x_wconf 88' lang='lat' dir='ltr'><strong>Deus</strong></span> <span class='ocrx_word' id='word_1_128' title='bbox 623 1575 866 1648; x_wconf 82' lang='lat' dir='ltr'><strong>spiritum</strong></span> <span class='ocrx_word' id='word_1_129' title='bbox 902 1575 1314 1648; x_wconf 84' lang='lat' dir='ltr'><strong>compunctionis</strong></span> <span class='ocrx_word' id='word_1_130' title='bbox 1345 1587 1364 1628; x_wconf 73' lang='grc' dir='ltr'><strong><em>ἔ</em></strong></span> <span class='ocrx_word' id='word_1_131' title='bbox 1391 1582 1453 1630; x_wconf 80' lang='grc' dir='ltr'><strong>ιιι</strong></span> <span class='ocrx_word' id='word_1_132' title='bbox 1478 1574 1592 1631; x_wconf 84' lang='lat' dir='ltr'><strong>suis</strong></span> <span class='ocrx_word' id='word_1_133' title='bbox 1645 1572 1828 1628; x_wconf 83' lang='lat' dir='ltr'><strong>verbis</strong></span> <span class='ocrx_word' id='word_1_134' title='bbox 1848 1572 2031 1628; x_wconf 77' lang='lat' dir='ltr'><strong>dicere</strong></span> 
     </span>
    </p>
   </div>
   <div class='ocr_carea' id='block_1_18' title="bbox 439 1662 2028 1738">
    <p class='ocr_par' dir='ltr' id='par_1_18' title="bbox 439 1662 2028 1738">
     <span class='ocr_line' id='line_1_18' title="bbox 439 1662 2028 1738; baseline -0.001 -18"><span class='ocrx_word' id='word_1_135' title='bbox 439 1667 693 1723; x_wconf 87' lang='lat' dir='ltr'><strong>videatur</strong></span> <span class='ocrx_word' id='word_1_136' title='bbox 724 1667 937 1725; x_wconf 89' lang='lat' dir='ltr'><strong>dedisse</strong></span> <span class='ocrx_word' id='word_1_137' title='bbox 978 1667 1060 1726; x_wconf 88' lang='lat' dir='ltr'><strong>eis</strong></span> <span class='ocrx_word' id='word_1_138' title='bbox 1101 1667 1243 1724; x_wconf 88' lang='lat' dir='ltr'><strong>Deus</strong></span> <span class='ocrx_word' id='word_1_139' title='bbox 1294 1667 1542 1738; x_wconf 82' lang='lat' dir='ltr'><strong>spiritum</strong></span> <span class='ocrx_word' id='word_1_140' title='bbox 1573 1662 2028 1736; x_wconf 87' lang='lat' dir='ltr'><strong>eompunctionis,</strong></span> 
     </span>
    </p>
   </div>
   <div class='ocr_carea' id='block_1_19' title="bbox 2129 453 3812 526">
    <p class='ocr_par' dir='ltr' id='par_1_19' title="bbox 2129 453 3812 526">
     <span class='ocr_line' id='line_1_19' title="bbox 2129 453 3812 526; baseline -0.002 -12"><span class='ocrx_word' id='word_1_141' title='bbox 2129 457 2360 514; x_wconf 75' lang='lat' dir='ltr'><strong>laudare</strong></span> <span class='ocrx_word' id='word_1_142' title='bbox 2377 462 2686 514; x_wconf 68' lang='lat' dir='ltr'><strong>amtorem</strong></span> <span class='ocrx_word' id='word_1_143' title='bbox 2707 495 2724 522; x_wconf 93' lang='lat'><strong>,</strong></span> <span class='ocrx_word' id='word_1_144' title='bbox 2753 455 2840 512; x_wconf 75' lang='lat' dir='ltr'><strong>vel</strong></span> <span class='ocrx_word' id='word_1_145' title='bbox 2865 453 3118 512; x_wconf 73' lang='lat' dir='ltr'><strong>conferre</strong></span> <span class='ocrx_word' id='word_1_146' title='bbox 3141 457 3213 511; x_wconf 81' lang='lat' dir='ltr'><strong>ad</strong></span> <span class='ocrx_word' id='word_1_147' title='bbox 3231 453 3572 526; x_wconf 78' lang='lat' dir='ltr'><strong>speetatula</strong></span> <span class='ocrx_word' id='word_1_148' title='bbox 3605 455 3812 523; x_wconf 69' lang='lat' dir='ltr'><strong>ciui,</strong></span> 
     </span>
    </p>
   </div>
   <div class='ocr_carea' id='block_1_20' title="bbox 2129 546 3809 618">
    <p class='ocr_par' dir='ltr' id='par_1_20' title="bbox 2129 546 3809 618">
     <span class='ocr_line' id='line_1_20' title="bbox 2129 546 3809 618; baseline 0.001 -14"><span class='ocrx_word' id='word_1_149' title='bbox 2129 549 2215 606; x_wconf 86' lang='lat' dir='ltr'><strong>vel</strong></span> <span class='ocrx_word' id='word_1_150' title='bbox 2242 548 2462 613; x_wconf 76' lang='lat' dir='ltr'><strong>theatri,</strong></span> <span class='ocrx_word' id='word_1_151' title='bbox 2487 547 2576 603; x_wconf 88' lang='lat' dir='ltr'><strong>vel</strong></span> <span class='ocrx_word' id='word_1_152' title='bbox 2593 546 2956 618; x_wconf 74' lang='lat' dir='ltr'><strong>quamlibet</strong></span> <span class='ocrx_word' id='word_1_153' title='bbox 2975 547 3318 604; x_wconf 75' lang='lat' dir='ltr'><strong>sordidarum</strong></span> <span class='ocrx_word' id='word_1_154' title='bbox 3335 547 3809 606; x_wconf 66' lang='lat' dir='ltr'><strong>obium</strong></span> 
     </span>
    </p>
   </div>
   <div class='ocr_carea' id='block_1_21' title="bbox 2128 639 3802 714">
    <p class='ocr_par' dir='ltr' id='par_1_21' title="bbox 2128 639 3802 714">
     <span class='ocr_line' id='line_1_21' title="bbox 2128 639 3802 714; baseline 0 -16"><span class='ocrx_word' id='word_1_155' title='bbox 2128 641 2424 709; x_wconf 76' lang='lat' dir='ltr'><strong>visionum,</strong></span> <span class='ocrx_word' id='word_1_156' title='bbox 2447 641 2644 712; x_wconf 79' lang='lat' dir='ltr'><strong>quibus</strong></span> <span class='ocrx_word' id='word_1_157' title='bbox 2654 639 3126 698; x_wconf 67' lang='lat' dir='ltr'><strong>autndlibidinem</strong></span> <span class='ocrx_word' id='word_1_158' title='bbox 3145 650 3240 697; x_wconf 71' lang='lat' dir='ltr'><strong>aut</strong></span> <span class='ocrx_word' id='word_1_159' title='bbox 3259 642 3332 698; x_wconf 85' lang='lat' dir='ltr'><strong>ad</strong></span> <span class='ocrx_word' id='word_1_160' title='bbox 3352 643 3802 714; x_wconf 71' lang='lat' dir='ltr'><strong>rapacitalan,</strong></span> 
     </span>
    </p>
   </div>
   <div class='ocr_carea' id='block_1_22' title="bbox 2128 730 3800 803">
    <p class='ocr_par' dir='ltr' id='par_1_22' title="bbox 2128 730 3800 803">
     <span class='ocr_line' id='line_1_22' title="bbox 2128 730 3800 803; baseline -0.001 -13"><span class='ocrx_word' id='word_1_161' title='bbox 2128 732 2216 790; x_wconf 83' lang='lat' dir='ltr'><strong>vel</strong></span> <span class='ocrx_word' id='word_1_162' title='bbox 2249 733 2356 791; x_wconf 84' lang='lat' dir='ltr'><strong>alia</strong></span> <span class='ocrx_word' id='word_1_163' title='bbox 2379 745 2610 803; x_wconf 79' lang='lat' dir='ltr'><strong>quaeque</strong></span> <span class='ocrx_word' id='word_1_164' title='bbox 2634 731 2769 790; x_wconf 79' lang='lat' dir='ltr'><strong>vitia</strong></span> <span class='ocrx_word' id='word_1_165' title='bbox 2789 731 3006 788; x_wconf 75' lang='lat' dir='ltr'><strong>animus</strong></span> <span class='ocrx_word' id='word_1_166' title='bbox 3451 749 3472 787; x_wconf 88' lang='lat'><strong>:</strong></span> <span class='ocrx_word' id='word_1_167' title='bbox 3511 733 3603 787; x_wconf 77' lang='lat' dir='ltr'><strong>ita</strong></span> <span class='ocrx_word' id='word_1_168' title='bbox 3633 733 3800 789; x_wconf 71' lang='lat' dir='ltr'><strong>nih’</strong></span> 
     </span>
    </p>
   </div>
   <div class='ocr_carea' id='block_1_23' title="bbox 2129 821 3796 898">
    <p class='ocr_par' dir='ltr' id='par_1_23' title="bbox 2129 821 3796 898">
     <span class='ocr_line' id='line_1_23' title="bbox 2129 821 3796 898; baseline -0.002 -16"><span class='ocrx_word' id='word_1_169' title='bbox 2129 825 2370 898; x_wconf 65' lang='lat' dir='ltr'><strong>intelligo</strong></span> <span class='ocrx_word' id='word_1_170' title='bbox 2415 824 2584 882; x_wconf 81' lang='lat' dir='ltr'><strong>etiam</strong></span> <span class='ocrx_word' id='word_1_171' title='bbox 2621 823 2820 882; x_wconf 66' lang='lat' dir='ltr'><strong>animo</strong></span> <span class='ocrx_word' id='word_1_172' title='bbox 2873 821 3084 890; x_wconf 83' lang='lat' dir='ltr'><strong>oculos,</strong></span> <span class='ocrx_word' id='word_1_173' title='bbox 3128 823 3328 894; x_wconf 56' lang='lat' dir='ltr'><strong>quius</strong></span> <span class='ocrx_word' id='word_1_174' title='bbox 3379 822 3484 880; x_wconf 75' lang='lat' dir='ltr'><strong>ali</strong></span> <span class='ocrx_word' id='word_1_175' title='bbox 3527 823 3796 894; x_wconf 71' lang='lat' dir='ltr'><strong>quide-</strong></span> 
     </span>
    </p>
   </div>
   <div class='ocr_carea' id='block_1_24' title="bbox 2129 914 3793 987">
    <p class='ocr_par' dir='ltr' id='par_1_24' title="bbox 2129 914 3793 987">
     <span class='ocr_line' id='line_1_24' title="bbox 2129 914 3793 987; baseline -0.001 -15"><span class='ocrx_word' id='word_1_176' title='bbox 2129 923 2364 973; x_wconf 85' lang='lat' dir='ltr'><strong>utuntur</strong></span> <span class='ocrx_word' id='word_1_177' title='bbox 2397 923 2462 972; x_wconf 81' lang='lat' dir='ltr'><strong>ut</strong></span> <span class='ocrx_word' id='word_1_178' title='bbox 2505 915 2732 974; x_wconf 86' lang='lat' dir='ltr'><strong>verbum</strong></span> <span class='ocrx_word' id='word_1_179' title='bbox 2761 915 2858 972; x_wconf 80' lang='lat' dir='ltr'><strong>Dei</strong></span> <span class='ocrx_word' id='word_1_180' title='bbox 2878 923 2934 969; x_wconf 87' lang='lat' dir='ltr'><strong>et</strong></span> <span class='ocrx_word' id='word_1_181' title='bbox 2951 914 3262 972; x_wconf 76' lang='lat' dir='ltr'><strong>doctrinam</strong></span> <span class='ocrx_word' id='word_1_182' title='bbox 3281 915 3566 974; x_wconf 70' lang='lat' dir='ltr'><strong>veritatis</strong></span> <span class='ocrx_word' id='word_1_183' title='bbox 3599 929 3793 987; x_wconf 69' lang='lat' dir='ltr'><strong>agno-</strong></span> 
     </span>
    </p>
   </div>
   <div class='ocr_carea' id='block_1_25' title="bbox 2130 1004 3788 1078">
    <p class='ocr_par' dir='ltr' id='par_1_25' title="bbox 2130 1004 3788 1078">
     <span class='ocr_line' id='line_1_25' title="bbox 2130 1004 3788 1078; baseline -0.002 -14"><span class='ocrx_word' id='word_1_184' title='bbox 2130 1014 2308 1072; x_wconf 82' lang='lat' dir='ltr'><strong>scant,</strong></span> <span class='ocrx_word' id='word_1_185' title='bbox 2333 1020 2400 1060; x_wconf 83' lang='lat' dir='ltr'><strong>ac</strong></span> <span class='ocrx_word' id='word_1_186' title='bbox 2428 1006 2708 1076; x_wconf 72' lang='lat' dir='ltr'><strong>sapientia:</strong></span> <span class='ocrx_word' id='word_1_187' title='bbox 2732 1005 2852 1078; x_wconf 85' lang='lat' dir='ltr'><strong>ejus</strong></span> <span class='ocrx_word' id='word_1_188' title='bbox 2879 1005 3122 1074; x_wconf 77' lang='lat' dir='ltr'><strong>quotidie</strong></span> <span class='ocrx_word' id='word_1_189' title='bbox 3143 1005 3368 1076; x_wconf 74' lang='lat' dir='ltr'><strong>capiant</strong></span> <span class='ocrx_word' id='word_1_190' title='bbox 3389 1004 3788 1076; x_wconf 70' lang='lat' dir='ltr'><strong>profectum;</strong></span> 
     </span>
    </p>
   </div>
   <div class='ocr_carea' id='block_1_26' title="bbox 2129 1095 3786 1164">
    <p class='ocr_par' dir='ltr' id='par_1_26' title="bbox 2129 1095 3786 1164">
     <span class='ocr_line' id='line_1_26' title="bbox 2129 1095 3786 1164; baseline -0.002 -8"><span class='ocrx_word' id='word_1_191' title='bbox 2129 1096 2226 1156; x_wconf 77' lang='lat' dir='ltr'><strong>alii</strong></span> <span class='ocrx_word' id='word_1_192' title='bbox 2250 1112 2383 1154; x_wconf 77' lang='lat' dir='ltr'><strong>vero</strong></span> <span class='ocrx_word' id='word_1_193' title='bbox 2427 1107 2656 1154; x_wconf 83' lang='lat' dir='ltr'><strong>utuntur</strong></span> <span class='ocrx_word' id='word_1_194' title='bbox 2703 1097 2826 1156; x_wconf 86' lang='lat' dir='ltr'><strong>bis.</strong></span> <span class='ocrx_word' id='word_1_195' title='bbox 2847 1095 3023 1154; x_wconf 84' lang='lat' dir='ltr'><strong>oculis</strong></span> <span class='ocrx_word' id='word_1_196' title='bbox 3071 1096 3131 1153; x_wconf 76' lang='lat' dir='ltr'><strong>in</strong></span> <span class='ocrx_word' id='word_1_197' title='bbox 3165 1097 3553 1164; x_wconf 70' lang='lat' dir='ltr'><strong>contrarium,</strong></span> <span class='ocrx_word' id='word_1_198' title='bbox 3611 1112 3786 1153; x_wconf 60' lang='lat' dir='ltr'><strong>esas</strong></span> 
     </span>
    </p>
   </div>
   <div class='ocr_carea' id='block_1_27' title="bbox 2130 1186 3786 1260">
    <p class='ocr_par' dir='ltr' id='par_1_27' title="bbox 2130 1186 3786 1260">
     <span class='ocr_line' id='line_1_27' title="bbox 2130 1186 3786 1260; baseline -0.001 -14"><span class='ocrx_word' id='word_1_199' title='bbox 2130 1196 2315 1246; x_wconf 73' lang='lat' dir='ltr'><strong>centes</strong></span> <span class='ocrx_word' id='word_1_200' title='bbox 2351 1187 2561 1246; x_wconf 78' lang='lat' dir='ltr'><strong>scilicet</strong></span> <span class='ocrx_word' id='word_1_201' title='bbox 2619 1187 2940 1258; x_wconf 80' lang='lat' dir='ltr'><strong>semetipsos</strong></span> <span class='ocrx_word' id='word_1_202' title='bbox 2983 1186 3249 1260; x_wconf 63' lang='lat' dir='ltr'><strong>quotidie,</strong></span> <span class='ocrx_word' id='word_1_203' title='bbox 3295 1196 3352 1244; x_wconf 82' lang='lat' dir='ltr'><strong>et</strong></span> <span class='ocrx_word' id='word_1_204' title='bbox 3397 1188 3786 1258; x_wconf 65' lang='lat' dir='ltr'><strong>inquirente:</strong></span> 
     </span>
    </p>
   </div>
   <div class='ocr_carea' id='block_1_28' title="bbox 2131 1277 3778 1351">
    <p class='ocr_par' dir='ltr' id='par_1_28' title="bbox 2131 1277 3778 1351">
     <span class='ocr_line' id='line_1_28' title="bbox 2131 1277 3778 1351; baseline 0 -15"><span class='ocrx_word' id='word_1_205' title='bbox 2131 1278 2404 1351; x_wconf 75' lang='lat' dir='ltr'><strong>quomodo</strong></span> <span class='ocrx_word' id='word_1_206' title='bbox 2427 1279 2681 1348; x_wconf 71' lang='lat' dir='ltr'><strong>dogmata</strong></span> <span class='ocrx_word' id='word_1_207' title='bbox 2695 1279 2940 1336; x_wconf 84' lang='lat' dir='ltr'><strong>veritatis</strong></span> <span class='ocrx_word' id='word_1_208' title='bbox 2960 1277 3274 1350; x_wconf 63' lang='lat' dir='ltr'><strong>infringent,</strong></span> <span class='ocrx_word' id='word_1_209' title='bbox 3301 1287 3360 1336; x_wconf 84' lang='lat' dir='ltr'><strong>et</strong></span> <span class='ocrx_word' id='word_1_210' title='bbox 3385 1279 3581 1336; x_wconf 68' lang='lat' dir='ltr'><strong>tida]:</strong></span> <span class='ocrx_word' id='word_1_211' title='bbox 3597 1279 3778 1336; x_wconf 73' lang='lat' dir='ltr'><strong>Chri—</strong></span> 
     </span>
    </p>
   </div>
   <div class='ocr_carea' id='block_1_29' title="bbox 2131 1368 3777 1440">
    <p class='ocr_par' dir='ltr' id='par_1_29' title="bbox 2131 1368 3777 1440">
     <span class='ocr_line' id='line_1_29' title="bbox 2131 1368 3777 1440; baseline -0.001 -15"><span class='ocrx_word' id='word_1_212' title='bbox 2131 1368 2200 1425; x_wconf 88' lang='lat' dir='ltr'><strong>sti</strong></span> <span class='ocrx_word' id='word_1_213' title='bbox 2245 1375 2511 1438; x_wconf 72' lang='lat' dir='ltr'><strong>quantum</strong></span> <span class='ocrx_word' id='word_1_214' title='bbox 2580 1368 2714 1439; x_wconf 82' lang='lat' dir='ltr'><strong>ipsis</strong></span> <span class='ocrx_word' id='word_1_215' title='bbox 2769 1368 2987 1424; x_wconf 81' lang='lat' dir='ltr'><strong>videtur</strong></span> <span class='ocrx_word' id='word_1_216' title='bbox 3042 1369 3385 1440; x_wconf 58' lang='lat' dir='ltr'><strong>impugnat.</strong></span> <span class='ocrx_word' id='word_1_217' title='bbox 3463 1368 3777 1425; x_wconf 64' lang='lat' dir='ltr'><strong>Bonan-Is</strong></span> 
     </span>
    </p>
   </div>
   <div class='ocr_carea' id='block_1_30' title="bbox 2131 1461 3780 1534">
    <p class='ocr_par' dir='ltr' id='par_1_30' title="bbox 2131 1461 3780 1534">
     <span class='ocr_line' id='line_1_30' title="bbox 2131 1461 3780 1534; baseline 0.001 -16"><span class='ocrx_word' id='word_1_218' title='bbox 2131 1476 2264 1534; x_wconf 80' lang='lat' dir='ltr'><strong>ergo</strong></span> <span class='ocrx_word' id='word_1_219' title='bbox 2289 1461 2530 1534; x_wconf 85' lang='lat' dir='ltr'><strong>aliquem</strong></span> <span class='ocrx_word' id='word_1_220' title='bbox 2569 1476 2733 1520; x_wconf 85' lang='lat' dir='ltr'><strong>orare</strong></span> <span class='ocrx_word' id='word_1_221' title='bbox 2771 1475 2872 1532; x_wconf 84' lang='lat' dir='ltr'><strong>pro</strong></span> <span class='ocrx_word' id='word_1_222' title='bbox 2899 1462 3006 1528; x_wconf 80' lang='lat' dir='ltr'><strong>bis,</strong></span> <span class='ocrx_word' id='word_1_223' title='bbox 3053 1461 3149 1532; x_wconf 68' lang='lat' dir='ltr'><strong>qui</strong></span> <span class='ocrx_word' id='word_1_224' title='bbox 3173 1462 3540 1534; x_wconf 79' lang='lat' dir='ltr'><strong>perspieaees</strong></span> <span class='ocrx_word' id='word_1_225' title='bbox 3591 1474 3662 1520; x_wconf 81' lang='lat' dir='ltr'><strong>et</strong></span> <span class='ocrx_word' id='word_1_226' title='bbox 3689 1479 3780 1519; x_wconf 78' lang='lat' dir='ltr'><strong>ar-</strong></span> 
     </span>
    </p>
   </div>
   <div class='ocr_carea' id='block_1_31' title="bbox 2130 1553 3777 1640">
    <p class='ocr_par' dir='ltr' id='par_1_31' title="bbox 2130 1553 3777 1640">
     <span class='ocr_line' id='line_1_31' title="bbox 2130 1553 3777 1640; baseline 0.004 -31"><span class='ocrx_word' id='word_1_227' title='bbox 2130 1554 2435 1626; x_wconf 77' lang='lat' dir='ltr'><strong>gumentosi</strong></span> <span class='ocrx_word' id='word_1_228' title='bbox 2474 1561 2602 1612; x_wconf 84' lang='lat' dir='ltr'><strong>sunt</strong></span> <span class='ocrx_word' id='word_1_229' title='bbox 2637 1556 2694 1611; x_wconf 90' lang='lat' dir='ltr'><strong>in</strong></span> <span class='ocrx_word' id='word_1_230' title='bbox 2721 1553 2859 1640; x_wconf 71' lang='lat' dir='ltr'><strong>falsa</strong></span> <span class='ocrx_word' id='word_1_231' title='bbox 2883 1554 3139 1620; x_wconf 81' lang='lat' dir='ltr'><strong>scientia,</strong></span> <span class='ocrx_word' id='word_1_232' title='bbox 3172 1562 3232 1610; x_wconf 88' lang='lat' dir='ltr'><strong>et</strong></span> <span class='ocrx_word' id='word_1_233' title='bbox 3252 1556 3486 1612; x_wconf 81' lang='lat' dir='ltr'><strong>dicere:</strong></span> <span class='ocrx_word' id='word_1_234' title='bbox 3522 1555 3648 1614; x_wconf 73' lang='lat' dir='ltr'><strong>Det</strong></span> <span class='ocrx_word' id='word_1_235' title='bbox 3669 1557 3777 1614; x_wconf 73' lang='lat' dir='ltr'><strong>illi</strong></span> 
     </span>
    </p>
   </div>
   <div class='ocr_carea' id='block_1_32' title="bbox 2132 1645 3775 1718">
    <p class='ocr_par' dir='ltr' id='par_1_32' title="bbox 2132 1645 3775 1718">
     <span class='ocr_line' id='line_1_32' title="bbox 2132 1645 3775 1718; baseline -0.001 -14"><span class='ocrx_word' id='word_1_236' title='bbox 2132 1645 2277 1704; x_wconf 86' lang='lat' dir='ltr'><strong>Deus</strong></span> <span class='ocrx_word' id='word_1_237' title='bbox 2305 1647 2484 1706; x_wconf 86' lang='lat' dir='ltr'><strong>oculos</strong></span> <span class='ocrx_word' id='word_1_238' title='bbox 2517 1657 2578 1702; x_wconf 81' lang='lat' dir='ltr'><strong>ut</strong></span> <span class='ocrx_word' id='word_1_239' title='bbox 2609 1664 2714 1704; x_wconf 84' lang='lat' dir='ltr'><strong>non</strong></span> <span class='ocrx_word' id='word_1_240' title='bbox 2746 1649 2954 1704; x_wconf 78' lang='lat' dir='ltr'><strong>videant</strong></span> <span class='ocrx_word' id='word_1_241' title='bbox 2988 1648 3244 1718; x_wconf 78' lang='lat' dir='ltr'><strong>perversi</strong></span> <span class='ocrx_word' id='word_1_242' title='bbox 3279 1663 3489 1704; x_wconf 79' lang='lat' dir='ltr'><strong>sensus</strong></span> <span class='ocrx_word' id='word_1_243' title='bbox 3539 1649 3775 1706; x_wconf 69' lang='lat' dir='ltr'><strong>acuni-</strong></span> 
     </span>
    </p>
   </div>
   <div class='ocr_carea' id='block_1_33' title="bbox 439 1735 2031 1831">
    <p class='ocr_par' dir='ltr' id='par_1_33' title="bbox 439 1735 2030 1831">
     <span class='ocr_line' id='line_1_33' title="bbox 439 1735 2030 1831; baseline -0.001 -17"><span class='ocrx_word' id='word_1_244' title='bbox 439 1759 736 1815; x_wconf 89' lang='lat' dir='ltr'><strong>seeundum</strong></span> <span class='ocrx_word' id='word_1_245' title='bbox 765 1775 829 1816; x_wconf 92' lang='lat' dir='ltr'><strong>ea</strong></span> <span class='ocrx_word' id='word_1_246' title='bbox 871 1775 992 1831; x_wconf 71' lang='lat' dir='ltr'><strong>quae</strong></span> <span class='ocrx_word' id='word_1_247' title='bbox 1031 1760 1100 1817; x_wconf 88' lang='lat' dir='ltr'><strong>de</strong></span> <span class='ocrx_word' id='word_1_248' title='bbox 1150 1735 1392 1816; x_wconf 65' lang='lat' dir='ltr'><strong>caecitate</strong></span> <span class='ocrx_word' id='word_1_249' title='bbox 1428 1735 1728 1824; x_wconf 80' lang='lat' dir='ltr'><strong>oculorum,</strong></span> <span class='ocrx_word' id='word_1_250' title='bbox 1761 1765 1816 1814; x_wconf 91' lang='lat' dir='ltr'><strong>et</strong></span> <span class='ocrx_word' id='word_1_251' title='bbox 1843 1757 2030 1813; x_wconf 89' lang='lat' dir='ltr'><strong>auditu</strong></span> 
     </span>
    </p>
   </div>
   <div class='ocr_carea' id='block_1_34' title="bbox 2131 1735 3779 1831">
    <p class='ocr_par' dir='ltr' id='par_1_34' title="bbox 2134 1739 3779 1807">
     <span class='ocr_line' id='line_1_34' title="bbox 2134 1739 3779 1807; baseline 0.002 -13"><span class='ocrx_word' id='word_1_252' title='bbox 2134 1753 2224 1806; x_wconf 81' lang='lat' dir='ltr'><strong>na,</strong></span> <span class='ocrx_word' id='word_1_253' title='bbox 2275 1747 2328 1795; x_wconf 82' lang='lat' dir='ltr'><strong>et</strong></span> <span class='ocrx_word' id='word_1_254' title='bbox 2353 1755 2508 1794; x_wconf 76' lang='lat' dir='ltr'><strong>aures</strong></span> <span class='ocrx_word' id='word_1_255' title='bbox 2539 1749 2596 1794; x_wconf 84' lang='lat' dir='ltr'><strong>ut</strong></span> <span class='ocrx_word' id='word_1_256' title='bbox 2623 1755 2730 1794; x_wconf 78' lang='lat' dir='ltr'><strong>non</strong></span> <span class='ocrx_word' id='word_1_257' title='bbox 2757 1739 3006 1807; x_wconf 70' lang='lat' dir='ltr'><strong>audiant,</strong></span> <span class='ocrx_word' id='word_1_258' title='bbox 3056 1739 3331 1797; x_wconf 71' lang='lat' dir='ltr'><strong>mendacii</strong></span> <span class='ocrx_word' id='word_1_259' title='bbox 3375 1740 3622 1797; x_wconf 71' lang='lat' dir='ltr'><strong>scilicet</strong></span> <span class='ocrx_word' id='word_1_260' title='bbox 3653 1755 3779 1796; x_wconf 74' lang='lat' dir='ltr'><strong>nsa-</strong></span> 
     </span>
    </p>
   </div>
   <div class='ocr_carea' id='block_1_35' title="bbox 440 1851 2029 1924">
    <p class='ocr_par' dir='ltr' id='par_1_35' title="bbox 440 1851 2029 1924">
     <span class='ocr_line' id='line_1_35' title="bbox 440 1851 2029 1924; baseline 0.001 -18"><span class='ocrx_word' id='word_1_261' title='bbox 440 1853 654 1908; x_wconf 89' lang='lat' dir='ltr'><strong>aurium</strong></span> <span class='ocrx_word' id='word_1_262' title='bbox 678 1869 777 1924; x_wconf 88' lang='lat' dir='ltr'><strong>per</strong></span> <span class='ocrx_word' id='word_1_263' title='bbox 802 1853 998 1910; x_wconf 81' lang='lat' dir='ltr'><strong>Isaiam</strong></span> <span class='ocrx_word' id='word_1_264' title='bbox 1025 1852 1172 1909; x_wconf 88' lang='lat' dir='ltr'><strong>dicta</strong></span> <span class='ocrx_word' id='word_1_265' title='bbox 1213 1861 1358 1908; x_wconf 89' lang='lat' dir='ltr'><strong>sunt.</strong></span> <span class='ocrx_word' id='word_1_266' title='bbox 1394 1851 1563 1909; x_wconf 86' lang='lat' dir='ltr'><strong>Isaias</strong></span> <span class='ocrx_word' id='word_1_267' title='bbox 1593 1852 1738 1908; x_wconf 89' lang='lat' dir='ltr'><strong>enim</strong></span> <span class='ocrx_word' id='word_1_268' title='bbox 1765 1851 1839 1908; x_wconf 86' lang='lat' dir='ltr'><strong>ita</strong></span> <span class='ocrx_word' id='word_1_269' title='bbox 1862 1852 2029 1908; x_wconf 85' lang='lat' dir='ltr'><strong>dicit:</strong></span> 
     </span>
    </p>
   </div>
   <div class='ocr_carea' id='block_1_36' title="bbox 451 1939 2030 2016">
    <p class='ocr_par' dir='ltr' id='par_1_36' title="bbox 451 1939 2030 2016">
     <span class='ocr_line' id='line_1_36' title="bbox 451 1939 2030 2016; baseline 0.001 -20"><span class='ocrx_word' id='word_1_270' title='bbox 451 1939 615 2010; x_wconf 79' lang='lat' dir='ltr'><strong>Vade,</strong></span> <span class='ocrx_word' id='word_1_271' title='bbox 639 1952 690 1999; x_wconf 83' lang='lat' dir='ltr'><strong>et</strong></span> <span class='ocrx_word' id='word_1_272' title='bbox 717 1945 803 1998; x_wconf 84' lang='lat' dir='ltr'><strong>dic</strong></span> <span class='ocrx_word' id='word_1_273' title='bbox 833 1944 1026 2016; x_wconf 81' lang='lat' dir='ltr'><strong>populo</strong></span> <span class='ocrx_word' id='word_1_274' title='bbox 1067 1945 1229 1998; x_wconf 83' lang='lat' dir='ltr'><strong>huic:</strong></span> <span class='ocrx_word' id='word_1_275' title='bbox 1261 1942 1461 1998; x_wconf 77' lang='lat' dir='ltr'><strong>Audita</strong></span> <span class='ocrx_word' id='word_1_276' title='bbox 1509 1943 1735 1998; x_wconf 75' lang='lat' dir='ltr'><strong>audietis</strong></span> <span class='ocrx_word' id='word_1_277' title='bbox 1761 1985 1777 2010; x_wconf 95' lang='lat'><strong>,</strong></span> <span class='ocrx_word' id='word_1_278' title='bbox 1819 1951 1868 1998; x_wconf 87' lang='lat' dir='ltr'><strong>et</strong></span> <span class='ocrx_word' id='word_1_279' title='bbox 1921 1959 2030 1998; x_wconf 85' lang='lat' dir='ltr'><strong>non</strong></span> 
     </span>
    </p>
   </div>
   <div class='ocr_carea' id='block_1_37' title="bbox 439 2033 2026 2106">
    <p class='ocr_par' dir='ltr' id='par_1_37' title="bbox 439 2033 2026 2106">
     <span class='ocr_line' id='line_1_37' title="bbox 439 2033 2026 2106; baseline 0.001 -20"><span class='ocrx_word' id='word_1_280' title='bbox 439 2033 736 2106; x_wconf 82' lang='lat' dir='ltr'><strong>intelligetis</strong></span> <span class='ocrx_word' id='word_1_281' title='bbox 767 2052 786 2101; x_wconf 88' lang='lat'><em>;</em></span> <span class='ocrx_word' id='word_1_282' title='bbox 824 2045 870 2091; x_wconf 89' lang='lat' dir='ltr'><strong>et</strong></span> <span class='ocrx_word' id='word_1_283' title='bbox 927 2035 1153 2091; x_wconf 76' lang='lat' dir='ltr'><strong>uidentes</strong></span> <span class='ocrx_word' id='word_1_284' title='bbox 1201 2035 1443 2090; x_wconf 81' lang='lat' dir='ltr'><strong>videbitis</strong></span> <span class='ocrx_word' id='word_1_285' title='bbox 1468 2075 1483 2098; x_wconf 90' lang='lat'><strong>,</strong></span> <span class='ocrx_word' id='word_1_286' title='bbox 1529 2043 1581 2090; x_wconf 80' lang='lat' dir='ltr'><strong>et</strong></span> <span class='ocrx_word' id='word_1_287' title='bbox 1622 2051 1728 2089; x_wconf 84' lang='lat' dir='ltr'><strong>non</strong></span> <span class='ocrx_word' id='word_1_288' title='bbox 1766 2033 2026 2090; x_wconf 79' lang='lat' dir='ltr'><strong>videbitis.</strong></span> 
     </span>
    </p>
   </div>
   <div class='ocr_carea' id='block_1_38' title="bbox 439 2125 2036 2198">
    <p class='ocr_par' dir='ltr' id='par_1_38' title="bbox 439 2125 2036 2198">
     <span class='ocr_line' id='line_1_38' title="bbox 439 2125 2036 2198; baseline 0.003 -19"><span class='ocrx_word' id='word_1_289' title='bbox 439 2125 802 2180; x_wconf 84' lang='lat' dir='ltr'><strong>Incrassatum</strong></span> <span class='ocrx_word' id='word_1_290' title='bbox 829 2135 903 2182; x_wconf 82' lang='lat' dir='ltr'><strong>est</strong></span> <span class='ocrx_word' id='word_1_291' title='bbox 923 2128 1059 2182; x_wconf 88' lang='lat' dir='ltr'><strong>enim</strong></span> <span class='ocrx_word' id='word_1_292' title='bbox 1081 2143 1171 2181; x_wconf 90' lang='lat' dir='ltr'><strong>cor</strong></span> <span class='ocrx_word' id='word_1_293' title='bbox 1189 2125 1366 2198; x_wconf 86' lang='lat' dir='ltr'><strong>populi</strong></span> <span class='ocrx_word' id='word_1_294' title='bbox 1395 2125 1575 2196; x_wconf 79' lang='lat' dir='ltr'><strong>hujus,</strong></span> <span class='ocrx_word' id='word_1_295' title='bbox 1603 2135 1652 2181; x_wconf 88' lang='lat' dir='ltr'><strong>et</strong></span> <span class='ocrx_word' id='word_1_296' title='bbox 1681 2127 1898 2182; x_wconf 79' lang='lat' dir='ltr'><strong>auribus</strong></span> <span class='ocrx_word' id='word_1_297' title='bbox 1917 2127 2036 2184; x_wconf 81' lang='lat' dir='ltr'><strong>suis</strong></span> 
     </span>
    </p>
   </div>
   <div class='ocr_carea' id='block_1_39' title="bbox 439 2217 2030 2290">
    <p class='ocr_par' dir='ltr' id='par_1_39' title="bbox 439 2217 2030 2290">
     <span class='ocr_line' id='line_1_39' title="bbox 439 2217 2030 2290; baseline 0.001 -18"><span class='ocrx_word' id='word_1_298' title='bbox 439 2217 670 2288; x_wconf 77' lang='lat' dir='ltr'><strong>graviter</strong></span> <span class='ocrx_word' id='word_1_299' title='bbox 689 2217 1002 2285; x_wconf 86' lang='lat' dir='ltr'><strong>audierunt;</strong></span> <span class='ocrx_word' id='word_1_300' title='bbox 1025 2229 1072 2274; x_wconf 88' lang='lat' dir='ltr'><strong>et</strong></span> <span class='ocrx_word' id='word_1_301' title='bbox 1095 2219 1274 2274; x_wconf 86' lang='lat' dir='ltr'><strong>oculos</strong></span> <span class='ocrx_word' id='word_1_302' title='bbox 1303 2235 1426 2273; x_wconf 84' lang='lat' dir='ltr'><strong>suos</strong></span> <span class='ocrx_word' id='word_1_303' title='bbox 1453 2218 1774 2284; x_wconf 85' lang='lat' dir='ltr'><strong>clauserunt,</strong></span> <span class='ocrx_word' id='word_1_304' title='bbox 1803 2236 1868 2274; x_wconf 89' lang='lat' dir='ltr'><strong>ne</strong></span> <span class='ocrx_word' id='word_1_305' title='bbox 1894 2219 2030 2290; x_wconf 72' lang='lat' dir='ltr'><strong>[om</strong></span> 
     </span>
    </p>
   </div>
   <div class='ocr_carea' id='block_1_40' title="bbox 439 2306 2033 2382">
    <p class='ocr_par' dir='ltr' id='par_1_40' title="bbox 439 2306 2033 2382">
     <span class='ocr_line' id='line_1_40' title="bbox 439 2306 2033 2382; baseline 0.002 -20"><span class='ocrx_word' id='word_1_306' title='bbox 439 2306 648 2362; x_wconf 77' lang='lat' dir='ltr'><strong>uideant</strong></span> <span class='ocrx_word' id='word_1_307' title='bbox 669 2307 854 2374; x_wconf 81' lang='lat' dir='ltr'><strong>oculis,</strong></span> <span class='ocrx_word' id='word_1_308' title='bbox 877 2319 924 2364; x_wconf 89' lang='lat' dir='ltr'><strong>et</strong></span> <span class='ocrx_word' id='word_1_309' title='bbox 945 2309 1162 2364; x_wconf 83' lang='lat' dir='ltr'><strong>auribus</strong></span> <span class='ocrx_word' id='word_1_310' title='bbox 1193 2310 1435 2376; x_wconf 80' lang='lat' dir='ltr'><strong>audiant,</strong></span> <span class='ocrx_word' id='word_1_311' title='bbox 1459 2319 1508 2364; x_wconf 88' lang='lat' dir='ltr'><strong>et</strong></span> <span class='ocrx_word' id='word_1_312' title='bbox 1533 2309 1688 2364; x_wconf 86' lang='lat' dir='ltr'><strong>corde</strong></span> <span class='ocrx_word' id='word_1_313' title='bbox 1710 2309 2033 2382; x_wconf 65' lang='lat' dir='ltr'><strong>intelligant,</strong></span> 
     </span>
    </p>
   </div>
   <div class='ocr_carea' id='block_1_41' title="bbox 435 2396 2028 2474">
    <p class='ocr_par' dir='ltr' id='par_1_41' title="bbox 435 2396 2028 2474">
     <span class='ocr_line' id='line_1_41' title="bbox 435 2396 2028 2474; baseline 0.004 -24"><span class='ocrx_word' id='word_1_314' title='bbox 435 2403 486 2450; x_wconf 89' lang='lat' dir='ltr'><strong>et</strong></span> <span class='ocrx_word' id='word_1_315' title='bbox 544 2407 934 2474; x_wconf 65' lang='lat' dir='ltr'><strong>conuertantur,</strong></span> <span class='ocrx_word' id='word_1_316' title='bbox 986 2409 1034 2454; x_wconf 92' lang='lat' dir='ltr'><strong>et</strong></span> <span class='ocrx_word' id='word_1_317' title='bbox 1084 2416 1264 2454; x_wconf 79' lang='lat' dir='ltr'><strong>sonent</strong></span> <span class='ocrx_word' id='word_1_318' title='bbox 1305 2415 1392 2454; x_wconf 84' lang='lat' dir='ltr'><strong>eos</strong></span> <span class='ocrx_word' id='word_1_319' title='bbox 1433 2399 1569 2472; x_wconf 71' lang='lat' dir='ltr'><strong>(rm.</strong></span> <span class='ocrx_word' id='word_1_320' title='bbox 1593 2399 1691 2471; x_wconf 78' lang='lat' dir='ltr'><strong>vi).</strong></span> <span class='ocrx_word' id='word_1_321' title='bbox 1718 2396 1873 2456; x_wconf 87' lang='lat' dir='ltr'><strong>Nunc</strong></span> <span class='ocrx_word' id='word_1_322' title='bbox 1901 2413 2028 2473; x_wconf 77' lang='lat' dir='ltr'><strong>ergo</strong></span> 
     </span>
    </p>
   </div>
   <div class='ocr_carea' id='block_1_42' title="bbox 437 2485 2032 2560">
    <p class='ocr_par' dir='ltr' id='par_1_42' title="bbox 437 2485 2032 2560">
     <span class='ocr_line' id='line_1_42' title="bbox 437 2485 2032 2560; baseline 0.002 -18"><span class='ocrx_word' id='word_1_323' title='bbox 437 2500 656 2542; x_wconf 86' lang='lat' dir='ltr'><strong>sensum</strong></span> <span class='ocrx_word' id='word_1_324' title='bbox 684 2485 838 2542; x_wconf 79' lang='lat' dir='ltr'><strong>Isaiae</strong></span> <span class='ocrx_word' id='word_1_325' title='bbox 870 2488 1084 2544; x_wconf 87' lang='lat' dir='ltr'><strong>videtur</strong></span> <span class='ocrx_word' id='word_1_326' title='bbox 1099 2487 1390 2560; x_wconf 79' lang='lat' dir='ltr'><strong>Apostolus</strong></span> <span class='ocrx_word' id='word_1_327' title='bbox 1436 2490 1552 2545; x_wconf 88' lang='lat' dir='ltr'><strong>suis</strong></span> <span class='ocrx_word' id='word_1_328' title='bbox 1577 2489 1794 2560; x_wconf 87' lang='lat' dir='ltr'><strong>quidem</strong></span> <span class='ocrx_word' id='word_1_329' title='bbox 1823 2503 2032 2547; x_wconf 85' lang='lat' dir='ltr'><strong>sermo-</strong></span> 
     </span>
    </p>
   </div>
   <div class='ocr_carea' id='block_1_43' title="bbox 437 2577 2028 2656">
    <p class='ocr_par' dir='ltr' id='par_1_43' title="bbox 437 2577 2028 2656">
     <span class='ocr_line' id='line_1_43' title="bbox 437 2577 2028 2656; baseline 0.005 -25"><span class='ocrx_word' id='word_1_330' title='bbox 437 2577 599 2633; x_wconf 81' lang='lat' dir='ltr'><strong>nibus</strong></span> <span class='ocrx_word' id='word_1_331' title='bbox 621 2578 942 2656; x_wconf 82' lang='lat' dir='ltr'><strong>protulisse;</strong></span> <span class='ocrx_word' id='word_1_332' title='bbox 973 2580 1067 2635; x_wconf 86' lang='lat' dir='ltr'><strong>sed</strong></span> <span class='ocrx_word' id='word_1_333' title='bbox 1088 2581 1214 2652; x_wconf 88' lang='lat' dir='ltr'><strong>quia</strong></span> <span class='ocrx_word' id='word_1_334' title='bbox 1245 2580 1530 2652; x_wconf 74' lang='lat' dir='ltr'><strong>Propheta:</strong></span> <span class='ocrx_word' id='word_1_335' title='bbox 1551 2597 1770 2638; x_wconf 87' lang='lat' dir='ltr'><strong>sensum</strong></span> <span class='ocrx_word' id='word_1_336' title='bbox 1791 2582 2028 2652; x_wconf 84' lang='lat' dir='ltr'><strong>dicebat,</strong></span> 
     </span>
    </p>
   </div>
   <div class='ocr_carea' id='block_1_44' title="bbox 440 2668 2032 2743">
    <p class='ocr_par' dir='ltr' id='par_1_44' title="bbox 440 2668 2032 2743">
     <span class='ocr_line' id='line_1_44' title="bbox 440 2668 2032 2743; baseline 0.004 -19"><span class='ocrx_word' id='word_1_337' title='bbox 440 2668 713 2741; x_wconf 85' lang='lat' dir='ltr'><strong>addidisse</strong></span> <span class='ocrx_word' id='word_1_338' title='bbox 742 2687 756 2724; x_wconf 90' lang='lat'><strong>:</strong></span> <span class='ocrx_word' id='word_1_339' title='bbox 792 2669 941 2725; x_wconf 80' lang='lat' dir='ltr'><strong>Sicut</strong></span> <span class='ocrx_word' id='word_1_340' title='bbox 976 2673 1228 2743; x_wconf 85' lang='lat' dir='ltr'><strong>scriptum</strong></span> <span class='ocrx_word' id='word_1_341' title='bbox 1253 2681 1354 2738; x_wconf 71' lang='lat' dir='ltr'><strong>est.</strong></span> <span class='ocrx_word' id='word_1_342' title='bbox 1381 2671 1644 2729; x_wconf 78' lang='lat' dir='ltr'><strong>Similiter</strong></span> <span class='ocrx_word' id='word_1_343' title='bbox 1672 2683 1856 2730; x_wconf 85' lang='lat' dir='ltr'><strong>autem</strong></span> <span class='ocrx_word' id='word_1_344' title='bbox 1888 2675 2032 2731; x_wconf 86' lang='lat' dir='ltr'><strong>etde</strong></span> 
     </span>
    </p>
   </div>
   <div class='ocr_carea' id='block_1_45' title="bbox 436 2760 2032 2836">
    <p class='ocr_par' dir='ltr' id='par_1_45' title="bbox 436 2760 2032 2836">
     <span class='ocr_line' id='line_1_45' title="bbox 436 2760 2032 2836; baseline 0.004 -21"><span class='ocrx_word' id='word_1_345' title='bbox 436 2760 523 2817; x_wconf 75' lang='lat' dir='ltr'><strong>liis</strong></span> <span class='ocrx_word' id='word_1_346' title='bbox 573 2760 704 2818; x_wconf 79' lang='lat' dir='ltr'><strong>facit</strong></span> <span class='ocrx_word' id='word_1_347' title='bbox 744 2779 864 2833; x_wconf 70' lang='lat' dir='ltr'><strong>quae</strong></span> <span class='ocrx_word' id='word_1_348' title='bbox 894 2769 991 2834; x_wconf 85' lang='lat' dir='ltr'><strong>per</strong></span> <span class='ocrx_word' id='word_1_349' title='bbox 1033 2764 1206 2820; x_wconf 80' lang='lat' dir='ltr'><strong>David</strong></span> <span class='ocrx_word' id='word_1_350' title='bbox 1232 2765 1374 2821; x_wconf 88' lang='lat' dir='ltr'><strong>dicta</strong></span> <span class='ocrx_word' id='word_1_351' title='bbox 1403 2781 1524 2822; x_wconf 88' lang='lat' dir='ltr'><strong>esse</strong></span> <span class='ocrx_word' id='word_1_352' title='bbox 1569 2767 1922 2836; x_wconf 85' lang='lat' dir='ltr'><strong>pronuntiat;</strong></span> <span class='ocrx_word' id='word_1_353' title='bbox 1953 2767 2032 2822; x_wconf 87' lang='lat' dir='ltr'><strong>ait</strong></span> 
     </span>
    </p>
   </div>
   <div class='ocr_carea' id='block_1_46' title="bbox 439 2852 2029 2930">
    <p class='ocr_par' dir='ltr' id='par_1_46' title="bbox 439 2852 2029 2930">
     <span class='ocr_line' id='line_1_46' title="bbox 439 2852 2029 2930; baseline 0.004 -22"><span class='ocrx_word' id='word_1_354' title='bbox 439 2853 584 2908; x_wconf 90' lang='lat' dir='ltr'><strong>enim</strong></span> <span class='ocrx_word' id='word_1_355' title='bbox 608 2869 622 2908; x_wconf 90' lang='lat'><strong>:</strong></span> <span class='ocrx_word' id='word_1_356' title='bbox 645 2852 716 2908; x_wconf 88' lang='lat' dir='ltr'><strong>Et</strong></span> <span class='ocrx_word' id='word_1_357' title='bbox 744 2854 914 2910; x_wconf 83' lang='lat' dir='ltr'><strong>David</strong></span> <span class='ocrx_word' id='word_1_358' title='bbox 936 2855 1063 2910; x_wconf 83' lang='lat' dir='ltr'><strong>dicit</strong></span> <span class='ocrx_word' id='word_1_359' title='bbox 1085 2869 1104 2907; x_wconf 93' lang='lat'><strong>:</strong></span> <span class='ocrx_word' id='word_1_360' title='bbox 1132 2854 1258 2910; x_wconf 83' lang='lat' dir='ltr'><strong>Fiat</strong></span> <span class='ocrx_word' id='word_1_361' title='bbox 1277 2873 1458 2912; x_wconf 83' lang='lat' dir='ltr'><strong>mensa</strong></span> <span class='ocrx_word' id='word_1_362' title='bbox 1473 2873 1652 2912; x_wconf 81' lang='lat' dir='ltr'><strong>eorum</strong></span> <span class='ocrx_word' id='word_1_363' title='bbox 1678 2859 1736 2912; x_wconf 89' lang='lat' dir='ltr'><strong>in</strong></span> <span class='ocrx_word' id='word_1_364' title='bbox 1761 2857 2029 2930; x_wconf 80' lang='lat' dir='ltr'><strong>laqueum,</strong></span> 
     </span>
    </p>
   </div>
   <div class='ocr_carea' id='block_1_47' title="bbox 437 2943 2032 3016">
    <p class='ocr_par' dir='ltr' id='par_1_47' title="bbox 437 2943 2032 3016">
     <span class='ocr_line' id='line_1_47' title="bbox 437 2943 2032 3016; baseline 0.006 -20"><span class='ocrx_word' id='word_1_365' title='bbox 437 2953 484 2997; x_wconf 79' lang='lat' dir='ltr'><strong>et</strong></span> <span class='ocrx_word' id='word_1_366' title='bbox 511 2943 566 2997; x_wconf 87' lang='lat' dir='ltr'><strong>in</strong></span> <span class='ocrx_word' id='word_1_367' title='bbox 587 2945 898 3015; x_wconf 80' lang='lat' dir='ltr'><strong>captionem,</strong></span> <span class='ocrx_word' id='word_1_368' title='bbox 939 2955 989 3000; x_wconf 87' lang='lat' dir='ltr'><strong>et</strong></span> <span class='ocrx_word' id='word_1_369' title='bbox 1023 2947 1079 3001; x_wconf 85' lang='lat' dir='ltr'><strong>in</strong></span> <span class='ocrx_word' id='word_1_370' title='bbox 1101 2947 1433 3016; x_wconf 86' lang='lat' dir='ltr'><strong>scandalum,</strong></span> <span class='ocrx_word' id='word_1_371' title='bbox 1461 2955 1508 3004; x_wconf 90' lang='lat' dir='ltr'><strong>et</strong></span> <span class='ocrx_word' id='word_1_372' title='bbox 1536 2949 1594 3004; x_wconf 85' lang='lat' dir='ltr'><strong>in</strong></span> <span class='ocrx_word' id='word_1_373' title='bbox 1637 2949 2032 3005; x_wconf 81' lang='lat' dir='ltr'><strong>retributionem</strong></span> 
     </span>
    </p>
   </div>
   <div class='ocr_carea' id='block_1_48' title="bbox 435 3033 2052 3104">
    <p class='ocr_par' dir='ltr' id='par_1_48' title="bbox 435 3033 2052 3104">
     <span class='ocr_line' id='line_1_48' title="bbox 435 3033 2052 3104; baseline 0.004 -17"><span class='ocrx_word' id='word_1_374' title='bbox 435 3033 566 3088; x_wconf 85' lang='lat' dir='ltr'><strong>illis.</strong></span> <span class='ocrx_word' id='word_1_375' title='bbox 593 3033 950 3090; x_wconf 78' lang='lat' dir='ltr'><strong>Obscurenlur</strong></span> <span class='ocrx_word' id='word_1_376' title='bbox 977 3036 1114 3091; x_wconf 89' lang='lat' dir='ltr'><strong>oculi</strong></span> <span class='ocrx_word' id='word_1_377' title='bbox 1163 3054 1342 3092; x_wconf 80' lang='lat' dir='ltr'><strong>eorum</strong></span> <span class='ocrx_word' id='word_1_378' title='bbox 1371 3055 1434 3093; x_wconf 92' lang='lat' dir='ltr'><strong>ne</strong></span> <span class='ocrx_word' id='word_1_379' title='bbox 1474 3037 1699 3104; x_wconf 78' lang='lat' dir='ltr'><strong>videant,</strong></span> <span class='ocrx_word' id='word_1_380' title='bbox 1727 3048 1776 3094; x_wconf 91' lang='lat' dir='ltr'><strong>et</strong></span> <span class='ocrx_word' id='word_1_381' title='bbox 1815 3039 2052 3094; x_wconf 80' lang='lat' dir='ltr'><strong>dorsum&#39;</strong></span> 
     </span>
    </p>
   </div>
   <div class='ocr_carea' id='block_1_49' title="bbox 437 3114 2032 3198">
    <p class='ocr_par' dir='ltr' id='par_1_49' title="bbox 437 3114 2032 3198">
     <span class='ocr_line' id='line_1_49' title="bbox 437 3114 2032 3198; baseline 0.004 -18"><span class='ocrx_word' id='word_1_382' title='bbox 437 3125 653 3181; x_wconf 82' lang='lat' dir='ltr'><strong>illorum</strong></span> <span class='ocrx_word' id='word_1_383' title='bbox 673 3143 874 3198; x_wconf 86' lang='lat' dir='ltr'><strong>semper</strong></span> <span class='ocrx_word' id='word_1_384' title='bbox 902 3129 1140 3183; x_wconf 85' lang='lat' dir='ltr'><strong>incurva.</strong></span> <span class='ocrx_word' id='word_1_385' title='bbox 1163 3129 1318 3196; x_wconf 83' lang='lat' dir='ltr'><strong>Quod</strong></span> <span class='ocrx_word' id='word_1_386' title='bbox 1341 3114 1486 3184; x_wconf 82' lang='lat' dir='ltr'><strong>enim</strong></span> <span class='ocrx_word' id='word_1_387' title='bbox 1513 3131 1674 3186; x_wconf 86' lang='lat' dir='ltr'><strong>dicit:</strong></span> <span class='ocrx_word' id='word_1_388' title='bbox 1698 3128 1826 3186; x_wconf 83' lang='lat' dir='ltr'><strong>Fiat</strong></span> <span class='ocrx_word' id='word_1_389' title='bbox 1852 3145 2032 3186; x_wconf 79' lang='lat' dir='ltr'><strong>mensa</strong></span> 
     </span>
    </p>
   </div>
   <div class='ocr_carea' id='block_1_50' title="bbox 436 3217 2032 3292">
    <p class='ocr_par' dir='ltr' id='par_1_50' title="bbox 436 3217 2032 3292">
     <span class='ocr_line' id='line_1_50' title="bbox 436 3217 2032 3292; baseline 0.004 -20"><span class='ocrx_word' id='word_1_390' title='bbox 436 3234 617 3274; x_wconf 86' lang='lat' dir='ltr'><strong>eorum</strong></span> <span class='ocrx_word' id='word_1_391' title='bbox 645 3219 700 3274; x_wconf 89' lang='lat' dir='ltr'><strong>in</strong></span> <span class='ocrx_word' id='word_1_392' title='bbox 727 3217 993 3290; x_wconf 85' lang='lat' dir='ltr'><strong>laqueum,</strong></span> <span class='ocrx_word' id='word_1_393' title='bbox 1028 3227 1076 3274; x_wconf 86' lang='lat' dir='ltr'><strong>et</strong></span> <span class='ocrx_word' id='word_1_394' title='bbox 1111 3220 1166 3275; x_wconf 90' lang='lat' dir='ltr'><strong>in</strong></span> <span class='ocrx_word' id='word_1_395' title='bbox 1204 3220 1494 3292; x_wconf 86' lang='lat' dir='ltr'><strong>captionem</strong></span> <span class='ocrx_word' id='word_1_396' title='bbox 1519 3230 1568 3276; x_wconf 90' lang='lat' dir='ltr'><strong>et</strong></span> <span class='ocrx_word' id='word_1_397' title='bbox 1595 3221 1652 3275; x_wconf 90' lang='lat' dir='ltr'><strong>in</strong></span> <span class='ocrx_word' id='word_1_398' title='bbox 1671 3221 1984 3278; x_wconf 82' lang='lat' dir='ltr'><strong>scandalum</strong></span> <span class='ocrx_word' id='word_1_399' title='bbox 2011 3234 2032 3277; x_wconf 88' lang='lat'><strong><em>:</em></strong></span> 
     </span>
    </p>
   </div>
   <div class='ocr_carea' id='block_1_51' title="bbox 436 3310 2030 3386">
    <p class='ocr_par' dir='ltr' id='par_1_51' title="bbox 436 3310 2030 3386">
     <span class='ocr_line' id='line_1_51' title="bbox 436 3310 2030 3386; baseline 0.004 -20"><span class='ocrx_word' id='word_1_400' title='bbox 436 3310 494 3366; x_wconf 87' lang='lat' dir='ltr'><strong>in</strong></span> <span class='ocrx_word' id='word_1_401' title='bbox 524 3310 816 3380; x_wconf 85' lang='lat' dir='ltr'><strong>captionem</strong></span> <span class='ocrx_word' id='word_1_402' title='bbox 849 3311 903 3364; x_wconf 86' lang='lat' dir='ltr'><strong>iu</strong></span> <span class='ocrx_word' id='word_1_403' title='bbox 923 3311 1133 3382; x_wconf 85' lang='lat' dir='ltr'><strong>psalmo</strong></span> <span class='ocrx_word' id='word_1_404' title='bbox 1155 3327 1266 3368; x_wconf 91' lang='lat' dir='ltr'><strong>non</strong></span> <span class='ocrx_word' id='word_1_405' title='bbox 1285 3312 1520 3370; x_wconf 81' lang='lat' dir='ltr'><strong>habetur</strong></span> <span class='ocrx_word' id='word_1_406' title='bbox 1542 3315 1826 3384; x_wconf 83' lang='lat' dir='ltr'><strong>scriptum,</strong></span> <span class='ocrx_word' id='word_1_407' title='bbox 1855 3331 2030 3386; x_wconf 81' lang='lat' dir='ltr'><strong>neque</strong></span> 
     </span>
    </p>
   </div>
   <div class='ocr_carea' id='block_1_52' title="bbox 436 3402 2032 3478">
    <p class='ocr_par' dir='ltr' id='par_1_52' title="bbox 436 3402 2032 3478">
     <span class='ocr_line' id='line_1_52' title="bbox 436 3402 2032 3478; baseline 0.004 -20"><span class='ocrx_word' id='word_1_408' title='bbox 436 3403 497 3459; x_wconf 90' lang='lat' dir='ltr'><strong>in</strong></span> <span class='ocrx_word' id='word_1_409' title='bbox 536 3403 740 3460; x_wconf 88' lang='lat' dir='ltr'><strong>nostris</strong></span> <span class='ocrx_word' id='word_1_410' title='bbox 769 3402 911 3459; x_wconf 79' lang='lat' dir='ltr'><strong>LXX</strong></span> <span class='ocrx_word' id='word_1_411' title='bbox 945 3404 1299 3476; x_wconf 85' lang='lat' dir='ltr'><strong>interpretum</strong></span> <span class='ocrx_word' id='word_1_412' title='bbox 1323 3407 1748 3478; x_wconf 82' lang='lat' dir='ltr'><strong>exemplaribus,</strong></span> <span class='ocrx_word' id='word_1_413' title='bbox 1773 3421 1952 3478; x_wconf 83' lang='lat' dir='ltr'><strong>neque</strong></span> <span class='ocrx_word' id='word_1_414' title='bbox 1977 3407 2032 3464; x_wconf 89' lang='lat' dir='ltr'><strong>in</strong></span> 
     </span>
    </p>
   </div>
   <div class='ocr_carea' id='block_1_53' title="bbox 439 3494 2032 3570">
    <p class='ocr_par' dir='ltr' id='par_1_53' title="bbox 439 3494 2032 3570">
     <span class='ocr_line' id='line_1_53' title="bbox 439 3494 2032 3570; baseline 0.002 -19"><span class='ocrx_word' id='word_1_415' title='bbox 439 3494 812 3552; x_wconf 79' lang='lat' dir='ltr'><strong>Hebraeorum.</strong></span> <span class='ocrx_word' id='word_1_416' title='bbox 831 3497 895 3552; x_wconf 82' lang='lat' dir='ltr'><strong>Et</strong></span> <span class='ocrx_word' id='word_1_417' title='bbox 910 3513 1128 3554; x_wconf 82' lang='lat' dir='ltr'><strong>rursum</strong></span> <span class='ocrx_word' id='word_1_418' title='bbox 1141 3498 1196 3553; x_wconf 88' lang='lat' dir='ltr'><strong>in</strong></span> <span class='ocrx_word' id='word_1_419' title='bbox 1208 3498 1418 3570; x_wconf 80' lang='lat' dir='ltr'><strong>psalmo</strong></span> <span class='ocrx_word' id='word_1_420' title='bbox 1428 3499 1689 3555; x_wconf 85' lang='lat' dir='ltr'><strong>habetur:</strong></span> <span class='ocrx_word' id='word_1_421' title='bbox 1707 3496 1832 3555; x_wconf 82' lang='lat' dir='ltr'><strong>Fiat</strong></span> <span class='ocrx_word' id='word_1_422' title='bbox 1851 3514 2032 3564; x_wconf 82' lang='lat' dir='ltr'><strong>mensa</strong></span> 
     </span>
    </p>
   </div>
   <div class='ocr_carea' id='block_1_54' title="bbox 435 3591 2031 3664">
    <p class='ocr_par' dir='ltr' id='par_1_54' title="bbox 435 3591 2031 3664">
     <span class='ocr_line' id='line_1_54' title="bbox 435 3591 2031 3664; baseline -0.001 -16"><span class='ocrx_word' id='word_1_423' title='bbox 435 3605 617 3648; x_wconf 79' lang='lat' dir='ltr'><strong>eorum</strong></span> <span class='ocrx_word' id='word_1_424' title='bbox 648 3606 826 3646; x_wconf 87' lang='lat' dir='ltr'><strong>coram</strong></span> <span class='ocrx_word' id='word_1_425' title='bbox 851 3591 978 3662; x_wconf 82' lang='lat' dir='ltr'><strong>ipsis</strong></span> <span class='ocrx_word' id='word_1_426' title='bbox 1010 3591 1066 3648; x_wconf 87' lang='lat' dir='ltr'><strong>in</strong></span> <span class='ocrx_word' id='word_1_427' title='bbox 1093 3591 1336 3664; x_wconf 80' lang='lat' dir='ltr'><strong>laqueum</strong></span> <span class='ocrx_word' id='word_1_428' title='bbox 1361 3607 1381 3648; x_wconf 89' lang='lat'><strong>:</strong></span> <span class='ocrx_word' id='word_1_429' title='bbox 1407 3591 1696 3664; x_wconf 81' lang='lat' dir='ltr'><strong>Apostolus</strong></span> <span class='ocrx_word' id='word_1_430' title='bbox 1719 3600 1899 3648; x_wconf 86' lang='lat' dir='ltr'><strong>autem</strong></span> <span class='ocrx_word' id='word_1_431' title='bbox 1923 3607 2031 3648; x_wconf 90' lang='lat' dir='ltr'><strong>non</strong></span> 
     </span>
    </p>
   </div>
   <div class='ocr_carea' id='block_1_55' title="bbox 435 3681 2030 3758">
    <p class='ocr_par' dir='ltr' id='par_1_55' title="bbox 435 3681 2030 3758">
     <span class='ocr_line' id='line_1_55' title="bbox 435 3681 2030 3758; baseline 0 -20"><span class='ocrx_word' id='word_1_432' title='bbox 435 3681 618 3751; x_wconf 86' lang='lat' dir='ltr'><strong>posuit</strong></span> <span class='ocrx_word' id='word_1_433' title='bbox 639 3697 818 3738; x_wconf 87' lang='lat' dir='ltr'><strong>coram</strong></span> <span class='ocrx_word' id='word_1_434' title='bbox 847 3683 993 3758; x_wconf 86' lang='lat' dir='ltr'><strong>ipsis.</strong></span> <span class='ocrx_word' id='word_1_435' title='bbox 1025 3681 1153 3738; x_wconf 62' lang='lat' dir='ltr'><strong>Haec</strong></span> <span class='ocrx_word' id='word_1_436' title='bbox 1179 3683 1245 3740; x_wconf 92' lang='lat' dir='ltr'><strong>de</strong></span> <span class='ocrx_word' id='word_1_437' title='bbox 1291 3698 1602 3740; x_wconf 83' lang='lat' dir='ltr'><strong>sermonum</strong></span> <span class='ocrx_word' id='word_1_438' title='bbox 1633 3683 1832 3740; x_wconf 81' lang='lat' dir='ltr'><strong>ordine</strong></span> <span class='ocrx_word' id='word_1_439' title='bbox 1859 3691 1914 3738; x_wconf 85' lang='lat' dir='ltr'><strong>et</strong></span> <span class='ocrx_word' id='word_1_440' title='bbox 1939 3695 2030 3739; x_wconf 85' lang='lat' dir='ltr'><strong>as-</strong></span> 
     </span>
    </p>
   </div>
   <div class='ocr_carea' id='block_1_56' title="bbox 436 3773 2028 3846">
    <p class='ocr_par' dir='ltr' id='par_1_56' title="bbox 436 3773 2028 3846">
     <span class='ocr_line' id='line_1_56' title="bbox 436 3773 2028 3846; baseline 0.001 -17"><span class='ocrx_word' id='word_1_441' title='bbox 436 3779 774 3844; x_wconf 89' lang='lat' dir='ltr'><strong>sumptorum</strong></span> <span class='ocrx_word' id='word_1_442' title='bbox 813 3773 1246 3832; x_wconf 84' lang='lat' dir='ltr'><strong>testimoniorum</strong></span> <span class='ocrx_word' id='word_1_443' title='bbox 1291 3774 1555 3846; x_wconf 86' lang='lat' dir='ltr'><strong>qualitate</strong></span> <span class='ocrx_word' id='word_1_444' title='bbox 1591 3775 2028 3842; x_wconf 82' lang='lat' dir='ltr'><strong>memoravimus,</strong></span> 
     </span>
    </p>
   </div>
   <div class='ocr_carea' id='block_1_57' title="bbox 436 3864 2031 3939">
    <p class='ocr_par' dir='ltr' id='par_1_57' title="bbox 436 3864 2031 3939">
     <span class='ocr_line' id='line_1_57' title="bbox 436 3864 2031 3939; baseline 0.001 -20"><span class='ocrx_word' id='word_1_445' title='bbox 436 3872 498 3920; x_wconf 85' lang='lat' dir='ltr'><strong>ut</strong></span> <span class='ocrx_word' id='word_1_446' title='bbox 523 3864 874 3922; x_wconf 88' lang='lat' dir='ltr'><strong>ostendamus</strong></span> <span class='ocrx_word' id='word_1_447' title='bbox 901 3880 1001 3938; x_wconf 87' lang='lat' dir='ltr'><strong>per</strong></span> <span class='ocrx_word' id='word_1_448' title='bbox 1028 3864 1444 3939; x_wconf 76' lang='lat' dir='ltr'><strong>singula,-quod</strong></span> <span class='ocrx_word' id='word_1_449' title='bbox 1483 3865 1782 3922; x_wconf 85' lang='lat' dir='ltr'><strong>auctoritas</strong></span> <span class='ocrx_word' id='word_1_450' title='bbox 1809 3873 2031 3937; x_wconf 65' lang='lat' dir='ltr'><strong>apostoo</strong></span> 
     </span>
    </p>
   </div>
   <div class='ocr_carea' id='block_1_58' title="bbox 437 3956 2031 4029">
    <p class='ocr_par' dir='ltr' id='par_1_58' title="bbox 437 3956 2031 4029">
     <span class='ocr_line' id='line_1_58' title="bbox 437 3956 2031 4029; baseline 0.001 -19"><span class='ocrx_word' id='word_1_451' title='bbox 437 3956 542 4010; x_wconf 84' lang='lat' dir='ltr'><strong>lica</strong></span> <span class='ocrx_word' id='word_1_452' title='bbox 595 3971 935 4029; x_wconf 88' lang='lat' dir='ltr'><strong>nequaquam</strong></span> <span class='ocrx_word' id='word_1_453' title='bbox 1006 3957 1358 4016; x_wconf 78' lang='lat' dir='ltr'><strong>Hebraeorum</strong></span> <span class='ocrx_word' id='word_1_454' title='bbox 1415 3957 1813 4028; x_wconf 80' lang='lat' dir='ltr'><strong>exemplaribus</strong></span> <span class='ocrx_word' id='word_1_455' title='bbox 1869 3957 2031 4017; x_wconf 73' lang='lat' dir='ltr'><strong>ﬁdem</strong></span> 
     </span>
    </p>
   </div>
   <div class='ocr_carea' id='block_1_59' title="bbox 439 4047 2033 4121">
    <p class='ocr_par' dir='ltr' id='par_1_59' title="bbox 439 4047 2033 4121">
     <span class='ocr_line' id='line_1_59' title="bbox 439 4047 2033 4121; baseline 0.003 -19"><span class='ocrx_word' id='word_1_456' title='bbox 439 4047 604 4116; x_wconf 76' lang='lat' dir='ltr'><strong>facit,</strong></span> <span class='ocrx_word' id='word_1_457' title='bbox 657 4063 760 4106; x_wconf 91' lang='lat' dir='ltr'><strong>nec</strong></span> <span class='ocrx_word' id='word_1_458' title='bbox 806 4049 986 4108; x_wconf 79' lang='lat' dir='ltr'><strong>verbis</strong></span> <span class='ocrx_word' id='word_1_459' title='bbox 1031 4063 1246 4121; x_wconf 85' lang='lat' dir='ltr'><strong>semper</strong></span> <span class='ocrx_word' id='word_1_460' title='bbox 1289 4051 1643 4121; x_wconf 87' lang='lat' dir='ltr'><strong>interpretum</strong></span> <span class='ocrx_word' id='word_1_461' title='bbox 1698 4050 1886 4118; x_wconf 87' lang='lat' dir='ltr'><strong>servit,</strong></span> <span class='ocrx_word' id='word_1_462' title='bbox 1936 4051 2033 4106; x_wconf 89' lang='lat' dir='ltr'><strong>sed</strong></span> 
     </span>
    </p>
   </div>
   <div class='ocr_carea' id='block_1_60' title="bbox 439 4142 2082 4222">
    <p class='ocr_par' dir='ltr' id='par_1_60' title="bbox 439 4142 2082 4222">
     <span class='ocr_line' id='line_1_60' title="bbox 439 4142 2082 4222; baseline -0.001 -22"><span class='ocrx_word' id='word_1_463' title='bbox 439 4142 847 4213; x_wconf 86' lang='lat' dir='ltr'><strong>Scripturarum</strong></span> <span class='ocrx_word' id='word_1_464' title='bbox 892 4159 1113 4200; x_wconf 90' lang='lat' dir='ltr'><strong>sensum</strong></span> <span class='ocrx_word' id='word_1_465' title='bbox 1153 4145 1335 4202; x_wconf 85' lang='lat' dir='ltr'><strong>verbis</strong></span> <span class='ocrx_word' id='word_1_466' title='bbox 1381 4145 1578 4218; x_wconf 83' lang='lat' dir='ltr'><strong>quibus</strong></span> <span class='ocrx_word' id='word_1_467' title='bbox 1620 4143 1883 4215; x_wconf 87' lang='lat' dir='ltr'><strong>competit</strong></span> <span class='ocrx_word' id='word_1_468' title='bbox 1932 4159 2030 4198; x_wconf 77' lang='lat' dir='ltr'><strong>ex-</strong></span> <span class='ocrx_word' id='word_1_469' title='bbox 2074 4217 2082 4222; x_wconf 92' lang='lat'><strong>_</strong></span> 
     </span>
    </p>
   </div>
   <div class='ocr_carea' id='block_1_61' title="bbox 437 4235 2031 4326">
    <p class='ocr_par' dir='ltr' id='par_1_61' title="bbox 437 4235 2031 4326">
     <span class='ocr_line' id='line_1_61' title="bbox 437 4235 2031 4326; baseline 0.001 -36"><span class='ocrx_word' id='word_1_470' title='bbox 437 4236 622 4309; x_wconf 85' lang='lat' dir='ltr'><strong>plicat.</strong></span> <span class='ocrx_word' id='word_1_471' title='bbox 652 4235 808 4326; x_wconf 77' lang='lat' dir='ltr'><strong>Nunc</strong></span> <span class='ocrx_word' id='word_1_472' title='bbox 847 4251 975 4308; x_wconf 80' lang='lat' dir='ltr'><strong>ergo</strong></span> <span class='ocrx_word' id='word_1_473' title='bbox 1017 4237 1298 4294; x_wconf 85' lang='lat' dir='ltr'><strong>videamus</strong></span> <span class='ocrx_word' id='word_1_474' title='bbox 1341 4238 1610 4308; x_wconf 89' lang='lat' dir='ltr'><strong>quomodo</strong></span> <span class='ocrx_word' id='word_1_475' title='bbox 1641 4235 1907 4308; x_wconf 87' lang='lat' dir='ltr'><strong>propositi</strong></span> <span class='ocrx_word' id='word_1_476' title='bbox 1941 4251 2031 4292; x_wconf 71' lang='lat' dir='ltr'><strong>ea~</strong></span> 
     </span>
    </p>
   </div>
   <div class='ocr_carea' id='block_1_62' title="bbox 440 4327 2028 4400">
    <p class='ocr_par' dir='ltr' id='par_1_62' title="bbox 440 4327 2028 4400">
     <span class='ocr_line' id='line_1_62' title="bbox 440 4327 2028 4400; baseline 0.001 -17"><span class='ocrx_word' id='word_1_477' title='bbox 440 4327 594 4400; x_wconf 88' lang='lat' dir='ltr'><strong>pituli</strong></span> <span class='ocrx_word' id='word_1_478' title='bbox 644 4344 835 4384; x_wconf 88' lang='lat' dir='ltr'><strong>sensus</strong></span> <span class='ocrx_word' id='word_1_479' title='bbox 878 4329 1076 4384; x_wconf 88' lang='lat' dir='ltr'><strong>debeat</strong></span> <span class='ocrx_word' id='word_1_480' title='bbox 1121 4327 1418 4400; x_wconf 77' lang='lat' dir='ltr'><strong>explanari.</strong></span> <span class='ocrx_word' id='word_1_481' title='bbox 1467 4327 1776 4386; x_wconf 75' lang='lat' dir='ltr'><strong>Cmcitatem</strong></span> <span class='ocrx_word' id='word_1_482' title='bbox 1825 4329 2028 4397; x_wconf 88' lang='lat' dir='ltr'><strong>cordis,</strong></span> 
     </span>
    </p>
   </div>
   <div class='ocr_carea' id='block_1_63' title="bbox 441 4416 2026 4490">
    <p class='ocr_par' dir='ltr' id='par_1_63' title="bbox 441 4416 2026 4490">
     <span class='ocr_line' id='line_1_63' title="bbox 441 4416 2026 4490; baseline 0.003 -18"><span class='ocrx_word' id='word_1_483' title='bbox 441 4417 570 4489; x_wconf 90' lang='lat' dir='ltr'><strong>quia</strong></span> <span class='ocrx_word' id='word_1_484' title='bbox 589 4417 830 4488; x_wconf 89' lang='lat' dir='ltr'><strong>reliquus</strong></span> <span class='ocrx_word' id='word_1_485' title='bbox 853 4416 1041 4484; x_wconf 87' lang='lat' dir='ltr'><strong>Israel,</strong></span> <span class='ocrx_word' id='word_1_486' title='bbox 1057 4419 1160 4474; x_wconf 81' lang='lat' dir='ltr'><strong>hoc</strong></span> <span class='ocrx_word' id='word_1_487' title='bbox 1185 4427 1289 4485; x_wconf 88' lang='lat' dir='ltr'><strong>est,</strong></span> <span class='ocrx_word' id='word_1_488' title='bbox 1315 4419 1408 4490; x_wconf 87' lang='lat' dir='ltr'><strong>qui</strong></span> <span class='ocrx_word' id='word_1_489' title='bbox 1432 4434 1538 4474; x_wconf 89' lang='lat' dir='ltr'><strong>non</strong></span> <span class='ocrx_word' id='word_1_490' title='bbox 1565 4419 1817 4486; x_wconf 83' lang='lat' dir='ltr'><strong>credidit,</strong></span> <span class='ocrx_word' id='word_1_491' title='bbox 1847 4435 2026 4476; x_wconf 77' lang='lat' dir='ltr'><strong>excae-</strong></span> 
     </span>
    </p>
   </div>
   <div class='ocr_carea' id='block_1_64' title="bbox 2133 1829 3776 1902">
    <p class='ocr_par' dir='ltr' id='par_1_64' title="bbox 2133 1829 3776 1902">
     <span class='ocr_line' id='line_1_64' title="bbox 2133 1829 3776 1902; baseline 0.002 -18"><span class='ocrx_word' id='word_1_492' title='bbox 2133 1830 2350 1902; x_wconf 63' lang='grc' dir='ltr'><strong>δίδη-οε,</strong></span> <span class='ocrx_word' id='word_1_493' title='bbox 2391 1839 2445 1884; x_wconf 86' lang='lat' dir='ltr'><strong>et</strong></span> <span class='ocrx_word' id='word_1_494' title='bbox 2476 1829 2817 1886; x_wconf 75' lang='lat' dir='ltr'><strong>obscurentur</strong></span> <span class='ocrx_word' id='word_1_495' title='bbox 2841 1829 2984 1886; x_wconf 69' lang='lat' dir='ltr'><strong>oculi</strong></span> <span class='ocrx_word' id='word_1_496' title='bbox 3019 1843 3204 1887; x_wconf 63' lang='lat' dir='ltr'><strong>eorum</strong></span> <span class='ocrx_word' id='word_1_497' title='bbox 3241 1846 3304 1886; x_wconf 81' lang='lat' dir='ltr'><strong>ne</strong></span> <span class='ocrx_word' id='word_1_498' title='bbox 3329 1831 3564 1887; x_wconf 73' lang='lat' dir='ltr'><strong>uideant</strong></span> <span class='ocrx_word' id='word_1_499' title='bbox 3591 1847 3618 1884; x_wconf 92' lang='lat'><strong>:</strong></span> <span class='ocrx_word' id='word_1_500' title='bbox 3661 1847 3776 1888; x_wconf 72' lang='grc' dir='ltr'>ιιι</span> 
     </span>
    </p>
   </div>
   <div class='ocr_carea' id='block_1_65' title="bbox 2134 1922 3774 1998">
    <p class='ocr_par' dir='ltr' id='par_1_65' title="bbox 2134 1922 3774 1998">
     <span class='ocr_line' id='line_1_65' title="bbox 2134 1922 3774 1998; baseline 0.003 -19"><span class='ocrx_word' id='word_1_501' title='bbox 2134 1923 2236 1980; x_wconf 74' lang='lat' dir='ltr'><strong>tibi</strong></span> <span class='ocrx_word' id='word_1_502' title='bbox 2257 1922 2471 1980; x_wconf 75' lang='lat' dir='ltr'><strong>videtur</strong></span> <span class='ocrx_word' id='word_1_503' title='bbox 2497 1923 2904 1994; x_wconf 82' lang='lat' dir='ltr'><strong>ampleetendus</strong></span> <span class='ocrx_word' id='word_1_504' title='bbox 2954 1925 3002 1980; x_wconf 87' lang='lat' dir='ltr'><strong>is</strong></span> <span class='ocrx_word' id='word_1_505' title='bbox 3048 1924 3142 1994; x_wconf 81' lang='lat' dir='ltr'><strong>qui</strong></span> <span class='ocrx_word' id='word_1_506' title='bbox 3181 1925 3298 1980; x_wconf 75' lang='lat' dir='ltr'><strong>luce</strong></span> <span class='ocrx_word' id='word_1_507' title='bbox 3326 1935 3499 1997; x_wconf 79' lang='lat' dir='ltr'><strong>optat</strong></span> <span class='ocrx_word' id='word_1_508' title='bbox 3521 1928 3646 1992; x_wconf 82' lang='lat' dir='ltr'><strong>eis,</strong></span> <span class='ocrx_word' id='word_1_509' title='bbox 3670 1941 3774 1998; x_wconf 69' lang='lat' dir='ltr'><strong>per</strong></span> 
     </span>
    </p>
   </div>
   <div class='ocr_carea' id='block_1_66' title="bbox 2133 2017 3770 2088">
    <p class='ocr_par' dir='ltr' id='par_1_66' title="bbox 2133 2017 3770 2088">
     <span class='ocr_line' id='line_1_66' title="bbox 2133 2017 3770 2088; baseline 0.003 -16"><span class='ocrx_word' id='word_1_510' title='bbox 2133 2030 2256 2088; x_wconf 74' lang='lat' dir='ltr'><strong>qua:</strong></span> <span class='ocrx_word' id='word_1_511' title='bbox 2283 2031 2472 2074; x_wconf 79' lang='lat' dir='ltr'><strong>eorum</strong></span> <span class='ocrx_word' id='word_1_512' title='bbox 2517 2025 2741 2087; x_wconf 84' lang='lat' dir='ltr'><strong>peccata</strong></span> <span class='ocrx_word' id='word_1_513' title='bbox 2768 2017 3120 2073; x_wconf 77' lang='lat' dir='ltr'><strong>minuentur?</strong></span> <span class='ocrx_word' id='word_1_514' title='bbox 3146 2017 3320 2074; x_wconf 74' lang='lat' dir='ltr'><strong>Multo</strong></span> <span class='ocrx_word' id='word_1_515' title='bbox 3361 2020 3530 2076; x_wconf 76' lang='lat' dir='ltr'><strong>enim</strong></span> <span class='ocrx_word' id='word_1_516' title='bbox 3557 2021 3770 2076; x_wconf 75' lang='lat' dir='ltr'><strong>melius</strong></span> 
     </span>
    </p>
   </div>
   <div class='ocr_carea' id='block_1_67' title="bbox 2131 2109 3768 2183">
    <p class='ocr_par' dir='ltr' id='par_1_67' title="bbox 2131 2109 3768 2183">
     <span class='ocr_line' id='line_1_67' title="bbox 2131 2109 3768 2183; baseline 0.004 -19"><span class='ocrx_word' id='word_1_517' title='bbox 2131 2115 2220 2164; x_wconf 88' lang='lat' dir='ltr'><strong>est</strong></span> <span class='ocrx_word' id='word_1_518' title='bbox 2241 2123 2352 2163; x_wconf 87' lang='lat' dir='ltr'><strong>non</strong></span> <span class='ocrx_word' id='word_1_519' title='bbox 2374 2123 2588 2179; x_wconf 82' lang='lat' dir='ltr'><strong>sapere,</strong></span> <span class='ocrx_word' id='word_1_520' title='bbox 2610 2125 2775 2180; x_wconf 87' lang='lat' dir='ltr'><strong>quam</strong></span> <span class='ocrx_word' id='word_1_521' title='bbox 2802 2109 2947 2166; x_wconf 77' lang='lat' dir='ltr'><strong>male</strong></span> <span class='ocrx_word' id='word_1_522' title='bbox 2965 2124 3176 2180; x_wconf 87' lang='lat' dir='ltr'><strong>sapere.</strong></span> <span class='ocrx_word' id='word_1_523' title='bbox 3203 2109 3344 2178; x_wconf 64' lang='lat' dir='ltr'><strong>Eon,</strong></span> <span class='ocrx_word' id='word_1_524' title='bbox 3369 2111 3646 2183; x_wconf 72' lang='lat' dir='ltr'><strong>inquam,</strong></span> <span class='ocrx_word' id='word_1_525' title='bbox 3665 2115 3768 2170; x_wconf 81' lang='lat' dir='ltr'><strong>tibi</strong></span> 
     </span>
    </p>
   </div>
   <div class='ocr_carea' id='block_1_68' title="bbox 2131 2199 3768 2271">
    <p class='ocr_par' dir='ltr' id='par_1_68' title="bbox 2131 2199 3768 2271">
     <span class='ocr_line' id='line_1_68' title="bbox 2131 2199 3768 2271; baseline 0.004 -16"><span class='ocrx_word' id='word_1_526' title='bbox 2131 2199 2349 2256; x_wconf 81' lang='lat' dir='ltr'><strong>videtur</strong></span> <span class='ocrx_word' id='word_1_527' title='bbox 2385 2199 2531 2271; x_wconf 78' lang='lat' dir='ltr'><strong>quod</strong></span> <span class='ocrx_word' id='word_1_528' title='bbox 2551 2199 2790 2258; x_wconf 78' lang='lat' dir='ltr'><strong>Marcion</strong></span> <span class='ocrx_word' id='word_1_529' title='bbox 2805 2202 2898 2271; x_wconf 81' lang='lat' dir='ltr'><strong>qui</strong></span> <span class='ocrx_word' id='word_1_530' title='bbox 2924 2201 3210 2258; x_wconf 69' lang='lat' dir='ltr'><strong>adversum</strong></span> <span class='ocrx_word' id='word_1_531' title='bbox 3229 2211 3562 2260; x_wconf 79' lang='lat' dir='ltr'><strong>creatorem</strong></span> <span class='ocrx_word' id='word_1_532' title='bbox 3583 2205 3768 2262; x_wconf 76' lang='lat' dir='ltr'><strong>Deu-</strong></span> 
     </span>
    </p>
   </div>
   <div class='ocr_carea' id='block_1_69' title="bbox 2130 2292 3766 2365">
    <p class='ocr_par' dir='ltr' id='par_1_69' title="bbox 2130 2292 3766 2365">
     <span class='ocr_line' id='line_1_69' title="bbox 2130 2292 3766 2365; baseline 0.001 -15"><span class='ocrx_word' id='word_1_533' title='bbox 2130 2292 2444 2364; x_wconf 85' lang='lat' dir='ltr'><strong>blasphema</strong></span> <span class='ocrx_word' id='word_1_534' title='bbox 2481 2294 2684 2365; x_wconf 83' lang='lat' dir='ltr'><strong>scripta</strong></span> <span class='ocrx_word' id='word_1_535' title='bbox 2725 2295 3050 2365; x_wconf 71' lang='lat' dir='ltr'><strong>composuit,</strong></span> <span class='ocrx_word' id='word_1_536' title='bbox 3095 2294 3183 2352; x_wconf 77' lang='lat' dir='ltr'><strong>vel</strong></span> <span class='ocrx_word' id='word_1_537' title='bbox 3225 2293 3514 2352; x_wconf 79' lang='lat' dir='ltr'><strong>Basilides</strong></span> <span class='ocrx_word' id='word_1_538' title='bbox 3543 2299 3642 2353; x_wconf 66' lang='lat' dir='ltr'><strong>vel</strong></span> <span class='ocrx_word' id='word_1_539' title='bbox 3662 2298 3766 2352; x_wconf 68' lang='lat' dir='ltr'><strong>Va-</strong></span> 
     </span>
    </p>
   </div>
   <div class='ocr_carea' id='block_1_70' title="bbox 2130 2383 3762 2463">
    <p class='ocr_par' dir='ltr' id='par_1_70' title="bbox 2130 2383 3762 2463">
     <span class='ocr_line' id='line_1_70' title="bbox 2130 2383 3762 2463; baseline 0.006 -24"><span class='ocrx_word' id='word_1_540' title='bbox 2130 2383 2388 2452; x_wconf 84' lang='lat' dir='ltr'><strong>lentinus,</strong></span> <span class='ocrx_word' id='word_1_541' title='bbox 2428 2386 2520 2442; x_wconf 83' lang='lat' dir='ltr'><strong>vel</strong></span> <span class='ocrx_word' id='word_1_542' title='bbox 2561 2387 2744 2443; x_wconf 74' lang='lat' dir='ltr'><strong>caeteri</strong></span> <span class='ocrx_word' id='word_1_543' title='bbox 2782 2394 3036 2444; x_wconf 79' lang='lat' dir='ltr'><strong>auctores</strong></span> <span class='ocrx_word' id='word_1_544' title='bbox 3067 2403 3368 2461; x_wconf 70' lang='lat' dir='ltr'><strong>pravorum</strong></span> <span class='ocrx_word' id='word_1_545' title='bbox 3397 2391 3762 2463; x_wconf 70' lang='lat' dir='ltr'><strong>dogmatum,</strong></span> 
     </span>
    </p>
   </div>
   <div class='ocr_carea' id='block_1_71' title="bbox 2129 2476 3762 2554">
    <p class='ocr_par' dir='ltr' id='par_1_71' title="bbox 2129 2476 3762 2554">
     <span class='ocr_line' id='line_1_71' title="bbox 2129 2476 3762 2554; baseline 0.004 -20"><span class='ocrx_word' id='word_1_546' title='bbox 2129 2477 2277 2534; x_wconf 82' lang='lat' dir='ltr'><strong>beati</strong></span> <span class='ocrx_word' id='word_1_547' title='bbox 2306 2476 2556 2545; x_wconf 82' lang='lat' dir='ltr'><strong>fuissent,</strong></span> <span class='ocrx_word' id='word_1_548' title='bbox 2599 2478 2646 2534; x_wconf 88' lang='lat' dir='ltr'><strong>si</strong></span> <span class='ocrx_word' id='word_1_549' title='bbox 2695 2493 2805 2537; x_wconf 84' lang='lat' dir='ltr'><strong>non</strong></span> <span class='ocrx_word' id='word_1_550' title='bbox 2833 2479 2956 2538; x_wconf 77' lang='lat' dir='ltr'><strong>illos</strong></span> <span class='ocrx_word' id='word_1_551' title='bbox 3008 2481 3206 2552; x_wconf 78' lang='lat' dir='ltr'><strong>quibus</strong></span> <span class='ocrx_word' id='word_1_552' title='bbox 3235 2482 3382 2537; x_wconf 82' lang='lat' dir='ltr'><strong>male</strong></span> <span class='ocrx_word' id='word_1_553' title='bbox 3413 2497 3762 2554; x_wconf 68' lang='lat' dir='ltr'><strong>sapam-unt,</strong></span> 
     </span>
    </p>
   </div>
   <div class='ocr_carea' id='block_1_72' title="bbox 2133 2571 3762 2634">
    <p class='ocr_par' dir='ltr' id='par_1_72' title="bbox 2133 2571 3762 2634">
     <span class='ocr_line' id='line_1_72' title="bbox 2133 2571 3762 2634; baseline 0.003 -7"><span class='ocrx_word' id='word_1_554' title='bbox 2133 2571 2315 2628; x_wconf 84' lang='lat' dir='ltr'><strong>cordis</strong></span> <span class='ocrx_word' id='word_1_555' title='bbox 2336 2571 2523 2628; x_wconf 84' lang='lat' dir='ltr'><strong>oculos</strong></span> <span class='ocrx_word' id='word_1_556' title='bbox 2565 2572 2885 2630; x_wconf 76' lang='lat' dir='ltr'><strong>habuissent</strong></span> <span class='ocrx_word' id='word_1_557' title='bbox 2905 2574 2934 2629; x_wconf 57' lang='lat' dir='ltr'><strong>il</strong></span> <span class='ocrx_word' id='word_1_558' title='bbox 2951 2573 3038 2630; x_wconf 86' lang='lat' dir='ltr'><strong>‘De</strong></span> <span class='ocrx_word' id='word_1_559' title='bbox 3059 2575 3146 2631; x_wconf 82' lang='lat' dir='ltr'><strong>bis</strong></span> <span class='ocrx_word' id='word_1_560' title='bbox 3171 2576 3319 2632; x_wconf 83' lang='lat' dir='ltr'><strong>enim</strong></span> <span class='ocrx_word' id='word_1_561' title='bbox 3351 2575 3540 2632; x_wconf 79' lang='lat' dir='ltr'><strong>Isaias</strong></span> <span class='ocrx_word' id='word_1_562' title='bbox 3577 2579 3720 2634; x_wconf 81' lang='lat' dir='ltr'><strong>dicit</strong></span> <span class='ocrx_word' id='word_1_563' title='bbox 3745 2597 3762 2632; x_wconf 89' lang='lat'><strong>:</strong></span> 
     </span>
    </p>
   </div>
   <div class='ocr_carea' id='block_1_73' title="bbox 2147 2662 3759 2742">
    <p class='ocr_par' dir='ltr' id='par_1_73' title="bbox 2147 2662 3759 2742">
     <span class='ocr_line' id='line_1_73' title="bbox 2147 2662 3759 2742; baseline 0.007 -25"><span class='ocrx_word' id='word_1_564' title='bbox 2147 2662 2234 2720; x_wconf 74' lang='lat' dir='ltr'><strong>i‘ce</strong></span> <span class='ocrx_word' id='word_1_565' title='bbox 2264 2665 2652 2732; x_wconf 72' lang='lat' dir='ltr'><strong>scribentibus;</strong></span> <span class='ocrx_word' id='word_1_566' title='bbox 2689 2666 2972 2723; x_wconf 72' lang='lat' dir='ltr'><strong>scribentes</strong></span> <span class='ocrx_word' id='word_1_567' title='bbox 2995 2670 3138 2724; x_wconf 86' lang='lat' dir='ltr'><strong>enim</strong></span> <span class='ocrx_word' id='word_1_568' title='bbox 3159 2670 3452 2742; x_wconf 76' lang='lat' dir='ltr'><strong>nequitiam</strong></span> <span class='ocrx_word' id='word_1_569' title='bbox 3486 2674 3759 2728; x_wconf 70' lang='lat' dir='ltr'><strong>scribunt.</strong></span> 
     </span>
    </p>
   </div>
   <div class='ocr_carea' id='block_1_74' title="bbox 2135 2757 3756 2836">
    <p class='ocr_par' dir='ltr' id='par_1_74' title="bbox 2135 2757 3756 2836">
     <span class='ocr_line' id='line_1_74' title="bbox 2135 2757 3756 2836; baseline 0.007 -25"><span class='ocrx_word' id='word_1_570' title='bbox 2135 2757 2272 2830; x_wconf 86' lang='lat' dir='ltr'><strong>(Isa.</strong></span> <span class='ocrx_word' id='word_1_571' title='bbox 2305 2759 2384 2831; x_wconf 73' lang='grc' dir='ltr'><strong>ι).</strong></span> <span class='ocrx_word' id='word_1_572' title='bbox 2411 2758 2676 2815; x_wconf 89' lang='lat' dir='ltr'><strong>Similiter</strong></span> <span class='ocrx_word' id='word_1_573' title='bbox 2696 2769 2878 2817; x_wconf 84' lang='lat' dir='ltr'><strong>autem</strong></span> <span class='ocrx_word' id='word_1_574' title='bbox 2901 2770 2958 2818; x_wconf 84' lang='lat' dir='ltr'><strong>et</strong></span> <span class='ocrx_word' id='word_1_575' title='bbox 2981 2777 3082 2834; x_wconf 88' lang='lat' dir='ltr'><strong>pro</strong></span> <span class='ocrx_word' id='word_1_576' title='bbox 3107 2763 3194 2820; x_wconf 86' lang='lat' dir='ltr'><strong>bis</strong></span> <span class='ocrx_word' id='word_1_577' title='bbox 3225 2765 3317 2836; x_wconf 86' lang='lat' dir='ltr'><strong>qui</strong></span> <span class='ocrx_word' id='word_1_578' title='bbox 3337 2766 3496 2822; x_wconf 82' lang='lat' dir='ltr'><strong>male</strong></span> <span class='ocrx_word' id='word_1_579' title='bbox 3527 2771 3756 2834; x_wconf 76' lang='lat' dir='ltr'><strong>docent,</strong></span> 
     </span>
    </p>
   </div>
   <div class='ocr_carea' id='block_1_75' title="bbox 2132 2850 3752 2925">
    <p class='ocr_par' dir='ltr' id='par_1_75' title="bbox 2132 2850 3752 2925">
     <span class='ocr_line' id='line_1_75' title="bbox 2132 2850 3752 2925; baseline 0.006 -20"><span class='ocrx_word' id='word_1_580' title='bbox 2132 2859 2191 2906; x_wconf 90' lang='lat' dir='ltr'><strong>et</strong></span> <span class='ocrx_word' id='word_1_581' title='bbox 2214 2850 2353 2906; x_wconf 86' lang='lat' dir='ltr'><strong>male</strong></span> <span class='ocrx_word' id='word_1_582' title='bbox 2375 2851 2688 2922; x_wconf 89' lang='lat' dir='ltr'><strong>loquuntur,</strong></span> <span class='ocrx_word' id='word_1_583' title='bbox 2736 2863 2859 2910; x_wconf 89' lang='lat' dir='ltr'><strong>orat</strong></span> <span class='ocrx_word' id='word_1_584' title='bbox 2883 2856 3052 2912; x_wconf 86' lang='lat' dir='ltr'><strong>David</strong></span> <span class='ocrx_word' id='word_1_585' title='bbox 3095 2857 3149 2910; x_wconf 89' lang='lat' dir='ltr'><strong>in</strong></span> <span class='ocrx_word' id='word_1_586' title='bbox 3185 2855 3444 2925; x_wconf 71' lang='lat' dir='ltr'><strong>Psalmis,</strong></span> <span class='ocrx_word' id='word_1_587' title='bbox 3474 2869 3543 2915; x_wconf 81' lang='lat' dir='ltr'><strong>et</strong></span> <span class='ocrx_word' id='word_1_588' title='bbox 3577 2861 3752 2917; x_wconf 79' lang='lat' dir='ltr'><strong>dicit:</strong></span> 
     </span>
    </p>
   </div>
   <div class='ocr_carea' id='block_1_76' title="bbox 2133 2942 3754 3022">
    <p class='ocr_par' dir='ltr' id='par_1_76' title="bbox 2133 2942 3754 3022">
     <span class='ocr_line' id='line_1_76' title="bbox 2133 2942 3754 3022; baseline 0.007 -24"><span class='ocrx_word' id='word_1_589' title='bbox 2133 2942 2193 2998; x_wconf 74' lang='grc' dir='ltr'><em>Μ</em></span> <span class='ocrx_word' id='word_1_590' title='bbox 2197 2952 2290 3000; x_wconf 84' lang='lat' dir='ltr'><strong>uta</strong></span> <span class='ocrx_word' id='word_1_591' title='bbox 2314 2945 2606 3016; x_wconf 72' lang='lat' dir='ltr'><strong>efﬁciantur</strong></span> <span class='ocrx_word' id='word_1_592' title='bbox 2625 2945 2768 3002; x_wconf 80' lang='lat' dir='ltr'><strong>labia</strong></span> <span class='ocrx_word' id='word_1_593' title='bbox 2790 2948 2994 3019; x_wconf 86' lang='lat' dir='ltr'><strong>iniqua,</strong></span> <span class='ocrx_word' id='word_1_594' title='bbox 3027 2964 3148 3020; x_wconf 67' lang='lat' dir='ltr'><strong>quae</strong></span> <span class='ocrx_word' id='word_1_595' title='bbox 3169 2948 3468 3022; x_wconf 73' lang='lat' dir='ltr'><strong>loquuntur</strong></span> <span class='ocrx_word' id='word_1_596' title='bbox 3487 2953 3754 3009; x_wconf 70' lang='lat' dir='ltr'><strong>ade-crsu</strong></span> 
     </span>
    </p>
   </div>
   <div class='ocr_carea' id='block_1_77' title="bbox 2126 3034 3746 3114">
    <p class='ocr_par' dir='ltr' id='par_1_77' title="bbox 2126 3034 3746 3114">
     <span class='ocr_line' id='line_1_77' title="bbox 2126 3034 3746 3114; baseline 0.004 -24"><span class='ocrx_word' id='word_1_597' title='bbox 2126 3034 2330 3106; x_wconf 75' lang='lat' dir='ltr'><strong>justum</strong></span> <span class='ocrx_word' id='word_1_598' title='bbox 2359 3037 2530 3094; x_wconf 86' lang='lat' dir='ltr'><strong>scelus</strong></span> <span class='ocrx_word' id='word_1_599' title='bbox 2571 3039 2628 3093; x_wconf 86' lang='lat' dir='ltr'><strong>in</strong></span> <span class='ocrx_word' id='word_1_600' title='bbox 2671 3039 2916 3111; x_wconf 82' lang='lat' dir='ltr'><strong>superbia</strong></span> <span class='ocrx_word' id='word_1_601' title='bbox 2963 3048 3014 3095; x_wconf 87' lang='lat' dir='ltr'><strong>et</strong></span> <span class='ocrx_word' id='word_1_602' title='bbox 3041 3049 3340 3111; x_wconf 76' lang='lat' dir='ltr'><strong>contemptu</strong></span> <span class='ocrx_word' id='word_1_603' title='bbox 3371 3039 3562 3112; x_wconf 80' lang='lat' dir='ltr'><strong>(Psal.</strong></span> <span class='ocrx_word' id='word_1_604' title='bbox 3593 3044 3746 3114; x_wconf 73' lang='lat' dir='ltr'><strong>xxx}.</strong></span> 
     </span>
    </p>
   </div>
   <div class='ocr_carea' id='block_1_78' title="bbox 2137 3125 3752 3199">
    <p class='ocr_par' dir='ltr' id='par_1_78' title="bbox 2137 3125 3752 3199">
     <span class='ocr_line' id='line_1_78' title="bbox 2137 3125 3752 3199; baseline 0.004 -17"><span class='ocrx_word' id='word_1_605' title='bbox 2137 3125 2227 3183; x_wconf 89' lang='lat' dir='ltr'><strong>Sic</strong></span> <span class='ocrx_word' id='word_1_606' title='bbox 2246 3143 2376 3199; x_wconf 80' lang='lat' dir='ltr'><strong>ergo</strong></span> <span class='ocrx_word' id='word_1_607' title='bbox 2397 3136 2454 3184; x_wconf 89' lang='lat' dir='ltr'><strong>et</strong></span> <span class='ocrx_word' id='word_1_608' title='bbox 2473 3129 2544 3185; x_wconf 89' lang='lat' dir='ltr'><strong>de</strong></span> <span class='ocrx_word' id='word_1_609' title='bbox 2563 3129 2736 3184; x_wconf 81' lang='lat' dir='ltr'><strong>Israel</strong></span> <span class='ocrx_word' id='word_1_610' title='bbox 2755 3131 2952 3186; x_wconf 78' lang='lat' dir='ltr'><strong>dicitur</strong></span> <span class='ocrx_word' id='word_1_611' title='bbox 2974 3130 3368 3186; x_wconf 74' lang='lat' dir='ltr'><strong>:Obscurentur</strong></span> <span class='ocrx_word' id='word_1_612' title='bbox 3389 3133 3542 3186; x_wconf 80' lang='lat' dir='ltr'><strong>oculi</strong></span> <span class='ocrx_word' id='word_1_613' title='bbox 3562 3147 3752 3188; x_wconf 61' lang='lat' dir='ltr'><strong>mea</strong></span> 
     </span>
    </p>
   </div>
   <div class='ocr_carea' id='block_1_79' title="bbox 2135 3221 3742 3290">
    <p class='ocr_par' dir='ltr' id='par_1_79' title="bbox 2135 3221 3742 3290">
     <span class='ocr_line' id='line_1_79' title="bbox 2135 3221 3742 3290; baseline 0.002 -15"><span class='ocrx_word' id='word_1_614' title='bbox 2135 3237 2200 3276; x_wconf 81' lang='lat' dir='ltr'><strong>ne</strong></span> <span class='ocrx_word' id='word_1_615' title='bbox 2235 3222 2466 3289; x_wconf 72' lang='lat' dir='ltr'><strong>uideant,</strong></span> <span class='ocrx_word' id='word_1_616' title='bbox 2493 3231 2570 3290; x_wconf 87' lang='lat' dir='ltr'><strong>et,</strong></span> <span class='ocrx_word' id='word_1_617' title='bbox 2595 3221 2697 3278; x_wconf 75' lang='lat' dir='ltr'><strong>Det</strong></span> <span class='ocrx_word' id='word_1_618' title='bbox 2713 3223 2796 3281; x_wconf 89' lang='lat' dir='ltr'><strong>eis</strong></span> <span class='ocrx_word' id='word_1_619' title='bbox 2815 3223 2966 3281; x_wconf 82' lang='lat' dir='ltr'><strong>Deus</strong></span> <span class='ocrx_word' id='word_1_620' title='bbox 2983 3243 3004 3276; x_wconf 74' lang='grc' dir='ltr'><strong>ε</strong></span> <span class='ocrx_word' id='word_1_621' title='bbox 3023 3223 3289 3281; x_wconf 80' lang='lat' dir='ltr'><strong>oculosut</strong></span> <span class='ocrx_word' id='word_1_622' title='bbox 3318 3241 3431 3280; x_wconf 83' lang='lat' dir='ltr'><strong>non</strong></span> <span class='ocrx_word' id='word_1_623' title='bbox 3457 3227 3742 3282; x_wconf 62' lang='lat' dir='ltr'><strong>videant:</strong></span> 
     </span>
    </p>
   </div>
   <div class='ocr_carea' id='block_1_80' title="bbox 2135 3311 3738 3390">
    <p class='ocr_par' dir='ltr' id='par_1_80' title="bbox 2135 3311 3738 3390">
     <span class='ocr_line' id='line_1_80' title="bbox 2135 3311 3738 3390; baseline 0.004 -23"><span class='ocrx_word' id='word_1_624' title='bbox 2135 3311 2280 3378; x_wconf 80' lang='lat' dir='ltr'><strong>Haec,</strong></span> <span class='ocrx_word' id='word_1_625' title='bbox 2312 3321 2580 3382; x_wconf 74' lang='lat' dir='ltr'><strong>quamum</strong></span> <span class='ocrx_word' id='word_1_626' title='bbox 2607 3315 2680 3372; x_wconf 82' lang='lat' dir='ltr'><strong>ad</strong></span> <span class='ocrx_word' id='word_1_627' title='bbox 2695 3315 2978 3372; x_wconf 87' lang='lat' dir='ltr'><strong>oculorum</strong></span> <span class='ocrx_word' id='word_1_628' title='bbox 3008 3317 3310 3373; x_wconf 64' lang='lat' dir='ltr'><strong>caecitatem</strong></span> <span class='ocrx_word' id='word_1_629' title='bbox 3347 3317 3606 3388; x_wconf 72' lang='lat' dir='ltr'><strong>pertinet</strong></span> <span class='ocrx_word' id='word_1_630' title='bbox 3627 3331 3738 3390; x_wconf 74' lang='lat' dir='ltr'><strong>qua:</strong></span> 
     </span>
    </p>
   </div>
   <div class='ocr_carea' id='block_1_81' title="bbox 2134 3401 3738 3478">
    <p class='ocr_par' dir='ltr' id='par_1_81' title="bbox 2134 3401 3738 3478">
     <span class='ocr_line' id='line_1_81' title="bbox 2134 3401 3738 3478; baseline 0.004 -22"><span class='ocrx_word' id='word_1_631' title='bbox 2134 3401 2285 3457; x_wconf 74' lang='lat' dir='ltr'><strong>male</strong></span> <span class='ocrx_word' id='word_1_632' title='bbox 2323 3403 2526 3459; x_wconf 81' lang='lat' dir='ltr'><strong>videnti</strong></span> <span class='ocrx_word' id='word_1_633' title='bbox 2555 3404 2834 3461; x_wconf 80' lang='lat' dir='ltr'><strong>incredula</strong></span> <span class='ocrx_word' id='word_1_634' title='bbox 2865 3405 3040 3462; x_wconf 78' lang='lat' dir='ltr'><strong>Israel</strong></span> <span class='ocrx_word' id='word_1_635' title='bbox 3061 3413 3319 3477; x_wconf 82' lang='lat' dir='ltr'><strong>tanquam</strong></span> <span class='ocrx_word' id='word_1_636' title='bbox 3359 3421 3464 3478; x_wconf 81' lang='lat' dir='ltr'><strong>pro</strong></span> <span class='ocrx_word' id='word_1_637' title='bbox 3496 3407 3738 3463; x_wconf 75' lang='lat' dir='ltr'><strong>remedio</strong></span> 
     </span>
    </p>
   </div>
   <div class='ocr_carea' id='block_1_82' title="bbox 2133 3494 3738 3564">
    <p class='ocr_par' dir='ltr' id='par_1_82' title="bbox 2133 3494 3738 3564">
     <span class='ocr_line' id='line_1_82' title="bbox 2133 3494 3738 3564; baseline 0.004 -15"><span class='ocrx_word' id='word_1_638' title='bbox 2133 3494 2368 3563; x_wconf 82' lang='lat' dir='ltr'><strong>quodam</strong></span> <span class='ocrx_word' id='word_1_639' title='bbox 2405 3496 2522 3552; x_wconf 85' lang='lat' dir='ltr'><strong>dari</strong></span> <span class='ocrx_word' id='word_1_640' title='bbox 2542 3513 2580 3552; x_wconf 84' lang='lat' dir='ltr'><strong>a</strong></span> <span class='ocrx_word' id='word_1_641' title='bbox 2602 3497 2715 3553; x_wconf 74' lang='lat' dir='ltr'><strong>Deo</strong></span> <span class='ocrx_word' id='word_1_642' title='bbox 2742 3497 2978 3564; x_wconf 77' lang='lat' dir='ltr'><strong>videtur,</strong></span> <span class='ocrx_word' id='word_1_643' title='bbox 3010 3497 3154 3554; x_wconf 79' lang='lat' dir='ltr'><strong>dicta</strong></span> <span class='ocrx_word' id='word_1_644' title='bbox 3199 3499 3326 3554; x_wconf 72' lang='lat' dir='ltr'><strong>sint.</strong></span> <span class='ocrx_word' id='word_1_645' title='bbox 3373 3497 3542 3554; x_wconf 77' lang='lat' dir='ltr'><strong>Nune</strong></span> <span class='ocrx_word' id='word_1_646' title='bbox 3575 3501 3738 3555; x_wconf 77' lang='lat' dir='ltr'><strong>etiam</strong></span> 
     </span>
    </p>
   </div>
   <div class='ocr_carea' id='block_1_83' title="bbox 2134 3588 3739 3670">
    <p class='ocr_par' dir='ltr' id='par_1_83' title="bbox 2134 3588 3739 3670">
     <span class='ocr_line' id='line_1_83' title="bbox 2134 3588 3739 3670; baseline 0.002 -27"><span class='ocrx_word' id='word_1_647' title='bbox 2134 3588 2202 3643; x_wconf 88' lang='lat' dir='ltr'><strong>de</strong></span> <span class='ocrx_word' id='word_1_648' title='bbox 2246 3603 2434 3644; x_wconf 81' lang='lat' dir='ltr'><strong>mensa</strong></span> <span class='ocrx_word' id='word_1_649' title='bbox 2479 3605 2619 3670; x_wconf 30' lang='lat' dir='ltr'><strong>qum.</strong></span> <span class='ocrx_word' id='word_1_650' title='bbox 2650 3591 2706 3644; x_wconf 84' lang='lat' dir='ltr'><strong>in</strong></span> <span class='ocrx_word' id='word_1_651' title='bbox 2741 3589 2986 3662; x_wconf 65' lang='lat' dir='ltr'><strong>laquearia</strong></span> <span class='ocrx_word' id='word_1_652' title='bbox 3031 3599 3088 3645; x_wconf 78' lang='lat' dir='ltr'><strong>cr</strong></span> <span class='ocrx_word' id='word_1_653' title='bbox 3123 3591 3182 3645; x_wconf 75' lang='lat' dir='ltr'><strong>in</strong></span> <span class='ocrx_word' id='word_1_654' title='bbox 3223 3591 3548 3662; x_wconf 74' lang='lat' dir='ltr'><strong>captionem,</strong></span> <span class='ocrx_word' id='word_1_655' title='bbox 3585 3599 3642 3647; x_wconf 78' lang='lat' dir='ltr'><strong>et</strong></span> <span class='ocrx_word' id='word_1_656' title='bbox 3689 3594 3739 3646; x_wconf 75' lang='lat' dir='ltr'><strong>is</strong></span> 
     </span>
    </p>
   </div>
   <div class='ocr_carea' id='block_1_84' title="bbox 2133 3679 3738 3758">
    <p class='ocr_par' dir='ltr' id='par_1_84' title="bbox 2133 3679 3738 3758">
     <span class='ocr_line' id='line_1_84' title="bbox 2133 3679 3738 3758; baseline 0.001 -22"><span class='ocrx_word' id='word_1_657' title='bbox 2133 3680 2467 3748; x_wconf 78' lang='lat' dir='ltr'><strong>scandalum,</strong></span> <span class='ocrx_word' id='word_1_658' title='bbox 2499 3691 2548 3737; x_wconf 87' lang='lat' dir='ltr'><strong>et</strong></span> <span class='ocrx_word' id='word_1_659' title='bbox 2595 3683 2654 3736; x_wconf 76' lang='lat' dir='ltr'><strong>in</strong></span> <span class='ocrx_word' id='word_1_660' title='bbox 2687 3681 3077 3738; x_wconf 71' lang='lat' dir='ltr'><strong>retributionem</strong></span> <span class='ocrx_word' id='word_1_661' title='bbox 3105 3683 3182 3737; x_wconf 82' lang='lat' dir='ltr'><strong>eis</strong></span> <span class='ocrx_word' id='word_1_662' title='bbox 3223 3679 3362 3758; x_wconf 69' lang='lat' dir='ltr'><strong>ﬁeri</strong></span> <span class='ocrx_word' id='word_1_663' title='bbox 3393 3682 3634 3748; x_wconf 82' lang='lat' dir='ltr'><strong>dicitur,</strong></span> <span class='ocrx_word' id='word_1_664' title='bbox 3666 3683 3738 3737; x_wconf 81' lang='lat' dir='ltr'><strong>vi-</strong></span> 
     </span>
    </p>
   </div>
   <div class='ocr_carea' id='block_1_85' title="bbox 2133 3770 3739 3846">
    <p class='ocr_par' dir='ltr' id='par_1_85' title="bbox 2133 3770 3739 3846">
     <span class='ocr_line' id='line_1_85' title="bbox 2133 3770 3739 3846; baseline -0.001 -16"><span class='ocrx_word' id='word_1_665' title='bbox 2133 3773 2380 3830; x_wconf 73' lang='lat' dir='ltr'><strong>deamus.</strong></span> <span class='ocrx_word' id='word_1_666' title='bbox 2423 3770 2532 3828; x_wconf 86' lang='lat' dir='ltr'><strong>Sed</strong></span> <span class='ocrx_word' id='word_1_667' title='bbox 2560 3773 2739 3844; x_wconf 81' lang='lat' dir='ltr'><strong>primo</strong></span> <span class='ocrx_word' id='word_1_668' title='bbox 2767 3773 2836 3829; x_wconf 88' lang='lat' dir='ltr'><strong>ad</strong></span> <span class='ocrx_word' id='word_1_669' title='bbox 2871 3787 2966 3830; x_wconf 88' lang='lat' dir='ltr'><strong>eos</strong></span> <span class='ocrx_word' id='word_1_670' title='bbox 2995 3787 3166 3844; x_wconf 81' lang='lat' dir='ltr'><strong>pauca</strong></span> <span class='ocrx_word' id='word_1_671' title='bbox 3203 3772 3428 3829; x_wconf 71' lang='lat' dir='ltr'><strong>(licenda</strong></span> <span class='ocrx_word' id='word_1_672' title='bbox 3463 3775 3739 3846; x_wconf 81' lang='lat' dir='ltr'><strong>sunt,qui</strong></span> 
     </span>
    </p>
   </div>
   <div class='ocr_carea' id='block_1_86' title="bbox 2134 3863 3738 3938">
    <p class='ocr_par' dir='ltr' id='par_1_86' title="bbox 2134 3863 3738 3938">
     <span class='ocr_line' id='line_1_86' title="bbox 2134 3863 3738 3938; baseline 0.001 -17"><span class='ocrx_word' id='word_1_673' title='bbox 2134 3864 2419 3938; x_wconf 77' lang='lat' dir='ltr'><strong>allegorias</strong></span> <span class='ocrx_word' id='word_1_674' title='bbox 2447 3864 2503 3920; x_wconf 89' lang='lat' dir='ltr'><strong>in</strong></span> <span class='ocrx_word' id='word_1_675' title='bbox 2550 3864 2860 3938; x_wconf 82' lang='lat' dir='ltr'><strong>Scripturis-</strong></span> <span class='ocrx_word' id='word_1_676' title='bbox 2885 3863 3084 3921; x_wconf 87' lang='lat' dir='ltr'><strong>divinis</strong></span> <span class='ocrx_word' id='word_1_677' title='bbox 3129 3863 3388 3932; x_wconf 76' lang='lat' dir='ltr'><strong>refutant,</strong></span> <span class='ocrx_word' id='word_1_678' title='bbox 3443 3875 3506 3922; x_wconf 79' lang='lat' dir='ltr'><strong>ut</strong></span> <span class='ocrx_word' id='word_1_679' title='bbox 3554 3867 3738 3922; x_wconf 67' lang='lat' dir='ltr'><strong>ridere</strong></span> 
     </span>
    </p>
   </div>
   <div class='ocr_carea' id='block_1_87' title="bbox 2131 3958 3737 4030">
    <p class='ocr_par' dir='ltr' id='par_1_87' title="bbox 2131 3958 3737 4030">
     <span class='ocr_line' id='line_1_87' title="bbox 2131 3958 3737 4030; baseline 0.001 -16"><span class='ocrx_word' id='word_1_680' title='bbox 2131 3958 2310 4014; x_wconf 84' lang='lat' dir='ltr'><strong>solent</strong></span> <span class='ocrx_word' id='word_1_681' title='bbox 2337 3973 2432 4014; x_wconf 89' lang='lat' dir='ltr'><strong>eos</strong></span> <span class='ocrx_word' id='word_1_682' title='bbox 2457 3959 2551 4028; x_wconf 86' lang='lat' dir='ltr'><strong>qui</strong></span> <span class='ocrx_word' id='word_1_683' title='bbox 2571 3973 2681 4015; x_wconf 90' lang='lat' dir='ltr'><strong>non</strong></span> <span class='ocrx_word' id='word_1_684' title='bbox 2705 3959 2762 4014; x_wconf 87' lang='lat' dir='ltr'><strong>in</strong></span> <span class='ocrx_word' id='word_1_685' title='bbox 2802 3959 3055 4014; x_wconf 87' lang='lat' dir='ltr'><strong>omnibus</strong></span> <span class='ocrx_word' id='word_1_686' title='bbox 3083 3967 3384 4030; x_wconf 87' lang='lat' dir='ltr'><strong>sequuntur</strong></span> <span class='ocrx_word' id='word_1_687' title='bbox 3403 3959 3737 4018; x_wconf 81' lang='lat' dir='ltr'><strong>historicum</strong></span> 
     </span>
    </p>
   </div>
   <div class='ocr_carea' id='block_1_88' title="bbox 2131 4038 3734 4124">
    <p class='ocr_par' dir='ltr' id='par_1_88' title="bbox 2131 4038 3734 4124">
     <span class='ocr_line' id='line_1_88' title="bbox 2131 4038 3734 4124; baseline 0.002 -18"><span class='ocrx_word' id='word_1_688' title='bbox 2131 4038 2372 4106; x_wconf 76' lang='lat' dir='ltr'><strong>sensum.</strong></span> <span class='ocrx_word' id='word_1_689' title='bbox 2397 4050 2590 4106; x_wconf 79' lang='lat' dir='ltr'><strong>Dicant</strong></span> <span class='ocrx_word' id='word_1_690' title='bbox 2607 4065 2736 4124; x_wconf 75' lang='lat' dir='ltr'><strong>ergo</strong></span> <span class='ocrx_word' id='word_1_691' title='bbox 2759 4050 2939 4118; x_wconf 88' lang='lat' dir='ltr'><strong>nobis,</strong></span> <span class='ocrx_word' id='word_1_692' title='bbox 2963 4051 3008 4106; x_wconf 87' lang='lat' dir='ltr'><strong>si</strong></span> <span class='ocrx_word' id='word_1_693' title='bbox 3035 4065 3280 4106; x_wconf 85' lang='lat' dir='ltr'><strong>mensam</strong></span> <span class='ocrx_word' id='word_1_694' title='bbox 3306 4053 3396 4109; x_wconf 76' lang='lat' dir='ltr'><strong>hic</strong></span> <span class='ocrx_word' id='word_1_695' title='bbox 3413 4049 3734 4110; x_wconf 65' lang='lat' dir='ltr'><strong>Judzeorum‘</strong></span> 
     </span>
    </p>
   </div>
   <div class='ocr_carea' id='block_1_89' title="bbox 2130 4141 3732 4218">
    <p class='ocr_par' dir='ltr' id='par_1_89' title="bbox 2130 4141 3732 4218">
     <span class='ocr_line' id='line_1_89' title="bbox 2130 4141 3732 4218; baseline 0.004 -20"><span class='ocrx_word' id='word_1_696' title='bbox 2130 4143 2278 4199; x_wconf 88' lang='lat' dir='ltr'><strong>illam</strong></span> <span class='ocrx_word' id='word_1_697' title='bbox 2319 4144 2452 4200; x_wconf 88' lang='lat' dir='ltr'><strong>dicit</strong></span> <span class='ocrx_word' id='word_1_698' title='bbox 2491 4142 2765 4214; x_wconf 84' lang='lat' dir='ltr'><strong>Propheta</strong></span> <span class='ocrx_word' id='word_1_699' title='bbox 2813 4143 2872 4200; x_wconf 88' lang='lat' dir='ltr'><strong>in</strong></span> <span class='ocrx_word' id='word_1_700' title='bbox 2911 4159 3018 4218; x_wconf 85' lang='lat' dir='ltr'><strong>qua</strong></span> <span class='ocrx_word' id='word_1_701' title='bbox 3064 4146 3332 4215; x_wconf 84' lang='lat' dir='ltr'><strong>prandere</strong></span> <span class='ocrx_word' id='word_1_702' title='bbox 3369 4141 3457 4200; x_wconf 89' lang='lat' dir='ltr'><strong>vel</strong></span> <span class='ocrx_word' id='word_1_703' title='bbox 3503 4160 3732 4204; x_wconf 66' lang='lat' dir='ltr'><strong>cenare</strong></span> 
     </span>
    </p>
   </div>
   <div class='ocr_carea' id='block_1_90' title="bbox 2130 4236 3730 4314">
    <p class='ocr_par' dir='ltr' id='par_1_90' title="bbox 2130 4236 3730 4314">
     <span class='ocr_line' id='line_1_90' title="bbox 2130 4236 3730 4314; baseline 0.003 -20"><span class='ocrx_word' id='word_1_704' title='bbox 2130 4236 2326 4304; x_wconf 86' lang='lat' dir='ltr'><strong>solent,</strong></span> <span class='ocrx_word' id='word_1_705' title='bbox 2367 4243 2429 4292; x_wconf 90' lang='lat' dir='ltr'><strong>ut</strong></span> <span class='ocrx_word' id='word_1_706' title='bbox 2462 4239 2576 4309; x_wconf 83' lang='lat' dir='ltr'><strong>ipsa</strong></span> <span class='ocrx_word' id='word_1_707' title='bbox 2620 4239 2702 4294; x_wconf 85' lang='lat' dir='ltr'><strong>eis</strong></span> <span class='ocrx_word' id='word_1_708' title='bbox 2743 4239 2840 4295; x_wconf 78' lang='lat' dir='ltr'><strong>flat</strong></span> <span class='ocrx_word' id='word_1_709' title='bbox 2887 4239 2944 4295; x_wconf 85' lang='lat' dir='ltr'><strong>in</strong></span> <span class='ocrx_word' id='word_1_710' title='bbox 2967 4239 3228 4311; x_wconf 79' lang='lat' dir='ltr'><strong>laqueum</strong></span> <span class='ocrx_word' id='word_1_711' title='bbox 3266 4250 3327 4296; x_wconf 86' lang='lat' dir='ltr'><strong>ut</strong></span> <span class='ocrx_word' id='word_1_712' title='bbox 3359 4242 3544 4314; x_wconf 80' lang='lat' dir='ltr'><strong>capiat</strong></span> <span class='ocrx_word' id='word_1_713' title='bbox 3587 4261 3730 4312; x_wconf 78' lang='lat' dir='ltr'><strong>eos;</strong></span> 
     </span>
    </p>
   </div>
   <div class='ocr_carea' id='block_1_91' title="bbox 2129 4330 3730 4404">
    <p class='ocr_par' dir='ltr' id='par_1_91' title="bbox 2129 4330 3730 4404">
     <span class='ocr_line' id='line_1_91' title="bbox 2129 4330 3730 4404; baseline 0.006 -19"><span class='ocrx_word' id='word_1_714' title='bbox 2129 4330 2214 4386; x_wconf 85' lang='lat' dir='ltr'><strong>vel</strong></span> <span class='ocrx_word' id='word_1_715' title='bbox 2237 4331 2284 4388; x_wconf 90' lang='lat' dir='ltr'><strong>si</strong></span> <span class='ocrx_word' id='word_1_716' title='bbox 2303 4331 2420 4402; x_wconf 83' lang='lat' dir='ltr'><strong>ipsa</strong></span> <span class='ocrx_word' id='word_1_717' title='bbox 2438 4345 2628 4388; x_wconf 87' lang='lat' dir='ltr'><strong>mensa</strong></span> <span class='ocrx_word' id='word_1_718' title='bbox 2645 4332 2914 4390; x_wconf 78' lang='lat' dir='ltr'><strong>emeiatur</strong></span> <span class='ocrx_word' id='word_1_719' title='bbox 2930 4335 3008 4390; x_wconf 88' lang='lat' dir='ltr'><strong>eis</strong></span> <span class='ocrx_word' id='word_1_720' title='bbox 3031 4333 3083 4390; x_wconf 92' lang='lat' dir='ltr'><strong>in</strong></span> <span class='ocrx_word' id='word_1_721' title='bbox 3114 4333 3555 4404; x_wconf 80' lang='lat' dir='ltr'><strong>retributionem,</strong></span> <span class='ocrx_word' id='word_1_722' title='bbox 3576 4345 3642 4393; x_wconf 88' lang='lat' dir='ltr'><strong>ut</strong></span> <span class='ocrx_word' id='word_1_723' title='bbox 3663 4337 3730 4394; x_wconf 86' lang='lat' dir='ltr'><strong>ab</strong></span> 
     </span>
    </p>
   </div>
   <div class='ocr_carea' id='block_1_92' title="bbox 2133 4421 3730 4498">
    <p class='ocr_par' dir='ltr' id='par_1_92' title="bbox 2133 4421 3730 4498">
     <span class='ocr_line' id='line_1_92' title="bbox 2133 4421 3730 4498; baseline 0.005 -20"><span class='ocrx_word' id='word_1_724' title='bbox 2133 4421 2248 4494; x_wconf 87' lang='lat' dir='ltr'><strong>ipsa</strong></span> <span class='ocrx_word' id='word_1_725' title='bbox 2270 4437 2370 4495; x_wconf 86' lang='lat' dir='ltr'><strong>pro</strong></span> <span class='ocrx_word' id='word_1_726' title='bbox 2399 4425 2484 4480; x_wconf 83' lang='lat' dir='ltr'><strong>bis</strong></span> <span class='ocrx_word' id='word_1_727' title='bbox 2507 4439 2632 4496; x_wconf 71' lang='lat' dir='ltr'><strong>qua:</strong></span> <span class='ocrx_word' id='word_1_728' title='bbox 2657 4425 3000 4496; x_wconf 85' lang='lat' dir='ltr'><strong>deliquerunt</strong></span> <span class='ocrx_word' id='word_1_729' title='bbox 3017 4425 3287 4498; x_wconf 82' lang='lat' dir='ltr'><strong>recipiant</strong></span> <span class='ocrx_word' id='word_1_730' title='bbox 3317 4425 3614 4495; x_wconf 85' lang='lat' dir='ltr'><strong>ultionem;</strong></span> <span class='ocrx_word' id='word_1_731' title='bbox 3643 4429 3730 4486; x_wconf 83' lang='lat' dir='ltr'><strong>vel</strong></span> 
     </span>
    </p>
   </div>
   <div class='ocr_carea' id='block_1_93' title="bbox 440 4470 3727 4590">
    <p class='ocr_par' dir='ltr' id='par_1_93' title="bbox 440 4470 3727 4590">
     <span class='ocr_line' id='line_1_93' title="bbox 448 4470 3725 4495; baseline 0.003 -21"><span class='ocrx_word' id='word_1_732' title='bbox 592 4470 643 4474; x_wconf 81' lang='lat'><strong>_-</strong></span> <span class='ocrx_word' id='word_1_733' title='bbox 675 4470 826 4488; x_wconf 21' lang='lat' dir='ltr'><strong>Mr---</strong></span> <span class='ocrx_word' id='word_1_734' title='bbox 1321 4470 1408 4490; x_wconf 55' lang='grc' dir='ltr'><strong>τ-</strong></span> <span class='ocrx_word' id='word_1_735' title='bbox 1432 4470 1538 4474; x_wconf 84' lang='lat'>__-_</span> <span class='ocrx_word' id='word_1_736' title='bbox 1571 4470 1817 4486; x_wconf 35' lang='grc' dir='ltr'><strong>---ᾔ-ν,</strong></span> <span class='ocrx_word' id='word_1_737' title='bbox 1853 4470 1996 4476; x_wconf 51' lang='lat' dir='ltr'><strong>mm</strong></span> <span class='ocrx_word' id='word_1_738' title='bbox 2133 4470 2148 4478; x_wconf 92' lang='lat'><strong>-</strong></span> <span class='ocrx_word' id='word_1_739' title='bbox 2189 4470 2248 4478; x_wconf 83' lang='grc'><strong>---</strong></span> <span class='ocrx_word' id='word_1_740' title='bbox 2313 4470 2366 4480; x_wconf 70' lang='grc' dir='ltr'><strong>,ν</strong></span> <span class='ocrx_word' id='word_1_741' title='bbox 2551 4470 2631 4480; x_wconf 75' lang='grc'><strong>...-</strong></span> <span class='ocrx_word' id='word_1_742' title='bbox 2659 4470 2761 4483; x_wconf 67' lang='grc' dir='ltr'><strong>..νη</strong></span> <span class='ocrx_word' id='word_1_743' title='bbox 2807 4470 3000 4482; x_wconf 60' lang='grc' dir='ltr'><strong>η.</strong></span> <span class='ocrx_word' id='word_1_744' title='bbox 3025 4470 3131 4482; x_wconf 70' lang='grc' dir='ltr'><strong>η...</strong></span> <span class='ocrx_word' id='word_1_745' title='bbox 3176 4470 3287 4483; x_wconf 61' lang='grc' dir='ltr'><strong>η...</strong></span> <span class='ocrx_word' id='word_1_746' title='bbox 3319 4470 3614 4495; x_wconf 57' lang='grc' dir='ltr'><strong>...μνμνηη</strong></span> <span class='ocrx_word' id='word_1_747' title='bbox 3655 4470 3725 4486; x_wconf 63' lang='grc' dir='ltr'><strong>,υ</strong></span> 
     </span>
     <span class='ocr_line' id='line_1_94' title="bbox 440 4470 3727 4590; baseline 0.004 -26"><span class='ocrx_word' id='word_1_748' title='bbox 440 4516 596 4566; x_wconf 89' lang='lat' dir='ltr'><strong>catus</strong></span> <span class='ocrx_word' id='word_1_749' title='bbox 626 4517 731 4577; x_wconf 90' lang='lat' dir='ltr'><strong>cst,</strong></span> <span class='ocrx_word' id='word_1_750' title='bbox 758 4509 964 4567; x_wconf 87' lang='lat' dir='ltr'><strong>duobus</strong></span> <span class='ocrx_word' id='word_1_751' title='bbox 989 4509 1320 4583; x_wconf 84' lang='lat' dir='ltr'><strong>propheticis</strong></span> <span class='ocrx_word' id='word_1_752' title='bbox 1351 4511 1675 4570; x_wconf 87' lang='lat' dir='ltr'><strong>testimoniis</strong></span> <span class='ocrx_word' id='word_1_753' title='bbox 1707 4511 1920 4584; x_wconf 83' lang='lat' dir='ltr'><strong>probat,</strong></span> <span class='ocrx_word' id='word_1_754' title='bbox 1943 4470 2403 4583; x_wconf 48' lang='lat' dir='ltr'><strong>velhqruouiodo</strong></span> <span class='ocrx_word' id='word_1_755' title='bbox 2445 4470 2543 4570; x_wconf 61' lang='lat' dir='ltr'><strong>ei;</strong></span> <span class='ocrx_word' id='word_1_756' title='bbox 2558 4516 2614 4570; x_wconf 90' lang='lat' dir='ltr'><strong>in</strong></span> <span class='ocrx_word' id='word_1_757' title='bbox 2641 4470 2967 4572; x_wconf 75' lang='lat' dir='ltr'><strong>scandalum</strong></span> <span class='ocrx_word' id='word_1_758' title='bbox 2985 4517 3058 4576; x_wconf 89' lang='lat' dir='ltr'><strong>sit</strong></span> <span class='ocrx_word' id='word_1_759' title='bbox 3088 4470 3378 4590; x_wconf 56' lang='lat' dir='ltr'><strong>carponant.</strong></span> <span class='ocrx_word' id='word_1_760' title='bbox 3411 4517 3573 4589; x_wconf 80' lang='lat' dir='ltr'><strong>Quod</strong></span> <span class='ocrx_word' id='word_1_761' title='bbox 3590 4521 3642 4575; x_wconf 89' lang='lat' dir='ltr'><strong>si</strong></span> <span class='ocrx_word' id='word_1_762' title='bbox 3664 4519 3727 4576; x_wconf 83' lang='lat' dir='ltr'><strong>de</strong></span> 
     </span>
    </p>
   </div>
   <div class='ocr_carea' id='block_1_94' title="bbox 441 4601 2026 4680">
    <p class='ocr_par' dir='ltr' id='par_1_94' title="bbox 441 4601 2026 4680">
     <span class='ocr_line' id='line_1_95' title="bbox 441 4601 2026 4680; baseline 0.003 -23"><span class='ocrx_word' id='word_1_763' title='bbox 441 4601 588 4675; x_wconf 87' lang='lat' dir='ltr'><strong>quod</strong></span> <span class='ocrx_word' id='word_1_764' title='bbox 630 4616 698 4658; x_wconf 79' lang='lat' dir='ltr'><strong>ex</strong></span> <span class='ocrx_word' id='word_1_765' title='bbox 739 4602 902 4671; x_wconf 87' lang='lat' dir='ltr'><strong>Isaia,</strong></span> <span class='ocrx_word' id='word_1_766' title='bbox 928 4603 1014 4660; x_wconf 85' lang='lat' dir='ltr'><strong>vel</strong></span> <span class='ocrx_word' id='word_1_767' title='bbox 1051 4603 1197 4680; x_wconf 83' lang='lat' dir='ltr'><strong>quod</strong></span> <span class='ocrx_word' id='word_1_768' title='bbox 1233 4619 1303 4662; x_wconf 82' lang='lat' dir='ltr'><strong>ex</strong></span> <span class='ocrx_word' id='word_1_769' title='bbox 1325 4602 1492 4662; x_wconf 87' lang='lat' dir='ltr'><strong>David</strong></span> <span class='ocrx_word' id='word_1_770' title='bbox 1537 4605 1752 4662; x_wconf 88' lang='lat' dir='ltr'><strong>videtur</strong></span> <span class='ocrx_word' id='word_1_771' title='bbox 1775 4619 2026 4676; x_wconf 86' lang='lat' dir='ltr'><strong>assump-</strong></span> 
     </span>
    </p>
   </div>
   <div class='ocr_carea' id='block_1_95' title="bbox 443 4694 2030 4769">
    <p class='ocr_par' dir='ltr' id='par_1_95' title="bbox 443 4694 2030 4769">
     <span class='ocr_line' id='line_1_96' title="bbox 443 4694 2030 4769; baseline 0.001 -19"><span class='ocrx_word' id='word_1_772' title='bbox 443 4704 579 4760; x_wconf 89' lang='lat' dir='ltr'><strong>tum,</strong></span> <span class='ocrx_word' id='word_1_773' title='bbox 607 4702 664 4751; x_wconf 90' lang='lat' dir='ltr'><strong>et</strong></span> <span class='ocrx_word' id='word_1_774' title='bbox 689 4694 743 4749; x_wconf 90' lang='lat' dir='ltr'><strong>in</strong></span> <span class='ocrx_word' id='word_1_775' title='bbox 769 4701 1001 4764; x_wconf 88' lang='lat' dir='ltr'><strong>utroque</strong></span> <span class='ocrx_word' id='word_1_776' title='bbox 1044 4711 1182 4752; x_wconf 89' lang='lat' dir='ltr'><strong>unus</strong></span> <span class='ocrx_word' id='word_1_777' title='bbox 1207 4696 1604 4768; x_wconf 88' lang='lat' dir='ltr'><strong>quodammodo</strong></span> <span class='ocrx_word' id='word_1_778' title='bbox 1651 4712 1844 4754; x_wconf 89' lang='lat' dir='ltr'><strong>sensus</strong></span> <span class='ocrx_word' id='word_1_779' title='bbox 1863 4713 2030 4769; x_wconf 81' lang='lat' dir='ltr'><strong>expo-</strong></span> 
     </span>
    </p>
   </div>
   <div class='ocr_carea' id='block_1_96' title="bbox 439 4783 2032 4862">
    <p class='ocr_par' dir='ltr' id='par_1_96' title="bbox 439 4783 2032 4862">
     <span class='ocr_line' id='line_1_97' title="bbox 439 4783 2032 4862; baseline 0.006 -22"><span class='ocrx_word' id='word_1_780' title='bbox 439 4785 608 4840; x_wconf 87' lang='lat' dir='ltr'><strong>nitur.</strong></span> <span class='ocrx_word' id='word_1_781' title='bbox 633 4783 769 4840; x_wconf 86' lang='lat' dir='ltr'><strong>Nam</strong></span> <span class='ocrx_word' id='word_1_782' title='bbox 816 4792 872 4842; x_wconf 92' lang='lat' dir='ltr'><strong>et</strong></span> <span class='ocrx_word' id='word_1_783' title='bbox 897 4785 991 4847; x_wconf 87' lang='lat' dir='ltr'><strong>hic</strong></span> <span class='ocrx_word' id='word_1_784' title='bbox 1037 4786 1180 4844; x_wconf 88' lang='lat' dir='ltr'><strong>oculi</strong></span> <span class='ocrx_word' id='word_1_785' title='bbox 1207 4787 1290 4844; x_wconf 88' lang='lat' dir='ltr'><strong>eis</strong></span> <span class='ocrx_word' id='word_1_786' title='bbox 1336 4787 1533 4846; x_wconf 80' lang='lat' dir='ltr'><strong>dantur</strong></span> <span class='ocrx_word' id='word_1_787' title='bbox 1577 4789 1774 4862; x_wconf 85' lang='lat' dir='ltr'><strong>quibus</strong></span> <span class='ocrx_word' id='word_1_788' title='bbox 1812 4805 1920 4846; x_wconf 90' lang='lat' dir='ltr'><strong>non</strong></span> <span class='ocrx_word' id='word_1_789' title='bbox 1951 4789 2032 4850; x_wconf 72' lang='lat' dir='ltr'><strong>vi-</strong></span> 
     </span>
    </p>
   </div>
   <div class='ocr_carea' id='block_1_97' title="bbox 439 4868 2029 4952">
    <p class='ocr_par' dir='ltr' id='par_1_97' title="bbox 439 4868 2029 4952">
     <span class='ocr_line' id='line_1_98' title="bbox 439 4868 2029 4952; baseline 0.004 -20"><span class='ocrx_word' id='word_1_790' title='bbox 439 4877 623 4945; x_wconf 90' lang='lat' dir='ltr'><strong>deant,</strong></span> <span class='ocrx_word' id='word_1_791' title='bbox 652 4884 709 4934; x_wconf 89' lang='lat' dir='ltr'><strong>et</strong></span> <span class='ocrx_word' id='word_1_792' title='bbox 749 4868 912 4935; x_wconf 86' lang='lat' dir='ltr'><strong>aures</strong></span> <span class='ocrx_word' id='word_1_793' title='bbox 941 4877 1135 4950; x_wconf 88' lang='lat' dir='ltr'><strong>quibus</strong></span> <span class='ocrx_word' id='word_1_794' title='bbox 1178 4893 1287 4938; x_wconf 91' lang='lat' dir='ltr'><strong>non</strong></span> <span class='ocrx_word' id='word_1_795' title='bbox 1326 4879 1550 4936; x_wconf 84' lang='lat' dir='ltr'><strong>audiant</strong></span> <span class='ocrx_word' id='word_1_796' title='bbox 1587 4889 1687 4937; x_wconf 88' lang='lat' dir='ltr'><strong>:et</strong></span> <span class='ocrx_word' id='word_1_797' title='bbox 1728 4880 1838 4938; x_wconf 87' lang='lat' dir='ltr'><strong>illic</strong></span> <span class='ocrx_word' id='word_1_798' title='bbox 1873 4890 2029 4952; x_wconf 54' lang='lat' dir='ltr'><strong>opta.</strong></span> 
     </span>
    </p>
   </div>
   <div class='ocr_carea' id='block_1_98' title="bbox 438 4970 2027 5048">
    <p class='ocr_par' dir='ltr' id='par_1_98' title="bbox 438 4970 2027 5048">
     <span class='ocr_line' id='line_1_99' title="bbox 438 4970 2027 5048; baseline 0.004 -22"><span class='ocrx_word' id='word_1_799' title='bbox 438 4978 531 5026; x_wconf 90' lang='lat' dir='ltr'><strong>tur</strong></span> <span class='ocrx_word' id='word_1_800' title='bbox 557 4977 618 5025; x_wconf 89' lang='lat' dir='ltr'><strong>ut</strong></span> <span class='ocrx_word' id='word_1_801' title='bbox 643 4985 829 5028; x_wconf 86' lang='lat' dir='ltr'><strong>coram</strong></span> <span class='ocrx_word' id='word_1_802' title='bbox 877 4970 1010 5044; x_wconf 89' lang='lat' dir='ltr'><strong>ipsis</strong></span> <span class='ocrx_word' id='word_1_803' title='bbox 1045 4986 1237 5029; x_wconf 87' lang='lat' dir='ltr'><strong>mensa</strong></span> <span class='ocrx_word' id='word_1_804' title='bbox 1272 4987 1462 5033; x_wconf 86' lang='lat' dir='ltr'><strong>eorum</strong></span> <span class='ocrx_word' id='word_1_805' title='bbox 1509 4973 1606 5030; x_wconf 79' lang='lat' dir='ltr'><strong>ﬁat</strong></span> <span class='ocrx_word' id='word_1_806' title='bbox 1655 4975 1712 5032; x_wconf 90' lang='lat' dir='ltr'><strong>in</strong></span> <span class='ocrx_word' id='word_1_807' title='bbox 1749 4975 2027 5048; x_wconf 87' lang='lat' dir='ltr'><strong>laqueum,</strong></span> 
     </span>
    </p>
   </div>
   <div class='ocr_carea' id='block_1_99' title="bbox 440 5058 2028 5134">
    <p class='ocr_par' dir='ltr' id='par_1_99' title="bbox 440 5058 2028 5134">
     <span class='ocr_line' id='line_1_100' title="bbox 440 5058 2028 5134; baseline 0.004 -19"><span class='ocrx_word' id='word_1_808' title='bbox 440 5067 498 5115; x_wconf 89' lang='lat' dir='ltr'><strong>et</strong></span> <span class='ocrx_word' id='word_1_809' title='bbox 522 5058 578 5114; x_wconf 89' lang='lat' dir='ltr'><strong>iu</strong></span> <span class='ocrx_word' id='word_1_810' title='bbox 606 5061 930 5133; x_wconf 85' lang='lat' dir='ltr'><strong>captionem,</strong></span> <span class='ocrx_word' id='word_1_811' title='bbox 960 5069 1017 5120; x_wconf 88' lang='lat' dir='ltr'><strong>et</strong></span> <span class='ocrx_word' id='word_1_812' title='bbox 1041 5062 1100 5119; x_wconf 88' lang='lat' dir='ltr'><strong>in</strong></span> <span class='ocrx_word' id='word_1_813' title='bbox 1141 5063 1555 5122; x_wconf 87' lang='lat' dir='ltr'><strong>retributionem</strong></span> <span class='ocrx_word' id='word_1_814' title='bbox 1577 5105 1594 5134; x_wconf 93' lang='lat'><strong>,</strong></span> <span class='ocrx_word' id='word_1_815' title='bbox 1627 5065 1684 5122; x_wconf 83' lang='lat' dir='ltr'><strong>et&#39;</strong></span> <span class='ocrx_word' id='word_1_816' title='bbox 1714 5066 1768 5122; x_wconf 91' lang='lat' dir='ltr'><strong>in</strong></span> <span class='ocrx_word' id='word_1_817' title='bbox 1796 5067 2028 5123; x_wconf 81' lang='lat' dir='ltr'><strong>scanda-</strong></span> 
     </span>
    </p>
   </div>
   <div class='ocr_carea' id='block_1_100' title="bbox 439 5150 2028 5228">
    <p class='ocr_par' dir='ltr' id='par_1_100' title="bbox 439 5150 2028 5228">
     <span class='ocr_line' id='line_1_101' title="bbox 439 5150 2028 5228; baseline 0.007 -23"><span class='ocrx_word' id='word_1_818' title='bbox 439 5150 593 5219; x_wconf 87' lang='lat' dir='ltr'><strong>lum;</strong></span> <span class='ocrx_word' id='word_1_819' title='bbox 632 5161 688 5210; x_wconf 91' lang='lat' dir='ltr'><strong>et</strong></span> <span class='ocrx_word' id='word_1_820' title='bbox 709 5164 770 5214; x_wconf 90' lang='lat' dir='ltr'><strong>ut</strong></span> <span class='ocrx_word' id='word_1_821' title='bbox 787 5157 1149 5217; x_wconf 85' lang='lat' dir='ltr'><strong>obscurentur</strong></span> <span class='ocrx_word' id='word_1_822' title='bbox 1173 5157 1318 5215; x_wconf 90' lang='lat' dir='ltr'><strong>oculi</strong></span> <span class='ocrx_word' id='word_1_823' title='bbox 1345 5173 1560 5228; x_wconf 84' lang='lat' dir='ltr'><strong>eorum,</strong></span> <span class='ocrx_word' id='word_1_824' title='bbox 1589 5174 1658 5216; x_wconf 90' lang='lat' dir='ltr'><strong>ne</strong></span> <span class='ocrx_word' id='word_1_825' title='bbox 1686 5159 1926 5216; x_wconf 86' lang='lat' dir='ltr'><strong>videant.</strong></span> <span class='ocrx_word' id='word_1_826' title='bbox 1956 5159 2028 5218; x_wconf 82' lang='lat' dir='ltr'><strong>Et</strong></span> 
     </span>
    </p>
   </div>
   <div class='ocr_carea' id='block_1_101' title="bbox 440 5243 2026 5322">
    <p class='ocr_par' dir='ltr' id='par_1_101' title="bbox 440 5243 2026 5322">
     <span class='ocr_line' id='line_1_102' title="bbox 440 5243 2026 5322; baseline 0.007 -25"><span class='ocrx_word' id='word_1_827' title='bbox 440 5243 714 5315; x_wconf 88' lang='lat' dir='ltr'><strong>quomodo</strong></span> <span class='ocrx_word' id='word_1_828' title='bbox 738 5246 857 5304; x_wconf 60' lang='lat' dir='ltr'><strong>bsic</strong></span> <span class='ocrx_word' id='word_1_829' title='bbox 891 5249 1052 5322; x_wconf 72' lang='lat' dir='ltr'><strong>digne</strong></span> <span class='ocrx_word' id='word_1_830' title='bbox 1091 5249 1384 5308; x_wconf 86' lang='lat' dir='ltr'><strong>credantur</strong></span> <span class='ocrx_word' id='word_1_831' title='bbox 1410 5250 1550 5318; x_wconf 82' lang='lat' dir='ltr'><strong>dici,</strong></span> <span class='ocrx_word' id='word_1_832' title='bbox 1591 5257 1652 5308; x_wconf 85' lang='lat' dir='ltr'><strong>et</strong></span> <span class='ocrx_word' id='word_1_833' title='bbox 1671 5251 1911 5308; x_wconf 79' lang='lat' dir='ltr'><strong>maxime</strong></span> <span class='ocrx_word' id='word_1_834' title='bbox 1955 5265 2026 5308; x_wconf 75' lang='lat' dir='ltr'><strong>ex</strong></span> 
     </span>
    </p>
   </div>
   <div class='ocr_carea' id='block_1_102' title="bbox 439 5335 2026 5416">
    <p class='ocr_par' dir='ltr' id='par_1_102' title="bbox 439 5335 2026 5416">
     <span class='ocr_line' id='line_1_103' title="bbox 439 5335 2026 5416; baseline 0.008 -26"><span class='ocrx_word' id='word_1_835' title='bbox 439 5349 674 5408; x_wconf 87' lang='lat' dir='ltr'><strong>persona</strong></span> <span class='ocrx_word' id='word_1_836' title='bbox 727 5335 934 5397; x_wconf 81' lang='lat' dir='ltr'><strong>Christi</strong></span> <span class='ocrx_word' id='word_1_837' title='bbox 992 5341 1049 5407; x_wconf 84' lang='lat' dir='ltr'><strong>in</strong></span> <span class='ocrx_word' id='word_1_838' title='bbox 1085 5342 1316 5416; x_wconf 88' lang='lat' dir='ltr'><strong>psalmo,</strong></span> <span class='ocrx_word' id='word_1_839' title='bbox 1370 5359 1478 5414; x_wconf 75' lang='lat' dir='ltr'><strong>non</strong></span> <span class='ocrx_word' id='word_1_840' title='bbox 1529 5345 1768 5403; x_wconf 90' lang='lat' dir='ltr'><strong>otiosum</strong></span> <span class='ocrx_word' id='word_1_841' title='bbox 1813 5346 2026 5404; x_wconf 87' lang='lat' dir='ltr'><strong>videtur</strong></span> 
     </span>
    </p>
   </div>
   <div class='ocr_carea' id='block_1_103' title="bbox 439 5419 2030 5513">
    <p class='ocr_par' dir='ltr' id='par_1_103' title="bbox 439 5419 2030 5513">
     <span class='ocr_line' id='line_1_104' title="bbox 439 5419 2030 5513; baseline 0.008 -26"><span class='ocrx_word' id='word_1_842' title='bbox 439 5428 752 5498; x_wconf 71' lang='lat' dir='ltr'><strong>ostendere,</strong></span> <span class='ocrx_word' id='word_1_843' title='bbox 782 5427 916 5488; x_wconf 79' lang='lat' dir='ltr'><strong>Vide</strong></span> <span class='ocrx_word' id='word_1_844' title='bbox 946 5448 1076 5508; x_wconf 73' lang='lat' dir='ltr'><strong>ergo</strong></span> <span class='ocrx_word' id='word_1_845' title='bbox 1120 5436 1166 5494; x_wconf 86' lang='lat' dir='ltr'><strong>si</strong></span> <span class='ocrx_word' id='word_1_846' title='bbox 1193 5419 1495 5496; x_wconf 43' lang='lat' dir='ltr'><strong>hoe‘modo</strong></span> <span class='ocrx_word' id='word_1_847' title='bbox 1529 5453 1816 5511; x_wconf 86' lang='lat' dir='ltr'><strong>possumus</strong></span> <span class='ocrx_word' id='word_1_848' title='bbox 1859 5439 2030 5513; x_wconf 75' lang='lat' dir='ltr'><strong>expli-</strong></span> 
     </span>
    </p>
   </div>
   <div class='ocr_carea' id='block_1_104' title="bbox 442 5519 2030 5603">
    <p class='ocr_par' dir='ltr' id='par_1_104' title="bbox 442 5519 2030 5603">
     <span class='ocr_line' id='line_1_105' title="bbox 442 5519 2030 5603; baseline 0.008 -27"><span class='ocrx_word' id='word_1_849' title='bbox 442 5534 572 5577; x_wconf 87' lang='lat' dir='ltr'><strong>care</strong></span> <span class='ocrx_word' id='word_1_850' title='bbox 615 5521 764 5600; x_wconf 86' lang='lat' dir='ltr'><strong>quod</strong></span> <span class='ocrx_word' id='word_1_851' title='bbox 799 5519 1078 5598; x_wconf 65' lang='lat' dir='ltr'><strong>quaeritur.</strong></span> <span class='ocrx_word' id='word_1_852' title='bbox 1121 5527 1276 5586; x_wconf 85' lang='lat' dir='ltr'><strong>Sicut</strong></span> <span class='ocrx_word' id='word_1_853' title='bbox 1317 5529 1491 5589; x_wconf 86' lang='lat' dir='ltr'><strong>oculis</strong></span> <span class='ocrx_word' id='word_1_854' title='bbox 1536 5532 1815 5603; x_wconf 83' lang='lat' dir='ltr'><strong>corporeis</strong></span> <span class='ocrx_word' id='word_1_855' title='bbox 1857 5532 2030 5588; x_wconf 81' lang='lat' dir='ltr'><strong>utitur</strong></span> 
     </span>
    </p>
   </div>
   <div class='ocr_carea' id='block_1_105' title="bbox 443 5611 2036 5691">
    <p class='ocr_par' dir='ltr' id='par_1_105' title="bbox 443 5611 2036 5691">
     <span class='ocr_line' id='line_1_106' title="bbox 443 5611 2036 5691; baseline 0.011 -28"><span class='ocrx_word' id='word_1_856' title='bbox 443 5611 812 5689; x_wconf 86' lang='lat' dir='ltr'><strong>unusquisque</strong></span> <span class='ocrx_word' id='word_1_857' title='bbox 851 5613 920 5670; x_wconf 90' lang='lat' dir='ltr'><strong>ad</strong></span> <span class='ocrx_word' id='word_1_858' title='bbox 944 5615 1234 5673; x_wconf 83' lang='lat' dir='ltr'><strong>videndum</strong></span> <span class='ocrx_word' id='word_1_859' title='bbox 1280 5620 1395 5678; x_wconf 86' lang='lat' dir='ltr'><strong>sive</strong></span> <span class='ocrx_word' id='word_1_860' title='bbox 1427 5622 1590 5690; x_wconf 86' lang='lat' dir='ltr'><strong>bona,</strong></span> <span class='ocrx_word' id='word_1_861' title='bbox 1637 5621 1752 5678; x_wconf 87' lang='lat' dir='ltr'><strong>sive</strong></span> <span class='ocrx_word' id='word_1_862' title='bbox 1781 5623 1940 5691; x_wconf 84' lang='lat' dir='ltr'><strong>mala,</strong></span> <span class='ocrx_word' id='word_1_863' title='bbox 1974 5632 2036 5683; x_wconf 84' lang='lat' dir='ltr'><strong>et</strong></span> 
     </span>
    </p>
   </div>
   <div class='ocr_carea' id='block_1_106' title="bbox 446 5695 2028 5784">
    <p class='ocr_par' dir='ltr' id='par_1_106' title="bbox 446 5695 2028 5784">
     <span class='ocr_line' id='line_1_107' title="bbox 446 5695 2028 5784; baseline 0.015 -34"><span class='ocrx_word' id='word_1_864' title='bbox 446 5695 500 5754; x_wconf 87' lang='lat' dir='ltr'><strong>in</strong></span> <span class='ocrx_word' id='word_1_865' title='bbox 523 5707 788 5769; x_wconf 85' lang='lat' dir='ltr'><strong>potestate</strong></span> <span class='ocrx_word' id='word_1_866' title='bbox 815 5703 980 5764; x_wconf 85' lang='lat' dir='ltr'><strong>habet</strong></span> <span class='ocrx_word' id='word_1_867' title='bbox 1009 5705 1093 5766; x_wconf 86' lang='lat' dir='ltr'><strong>vel</strong></span> <span class='ocrx_word' id='word_1_868' title='bbox 1139 5709 1354 5773; x_wconf 79' lang='lat' dir='ltr'><strong>elevare</strong></span> <span class='ocrx_word' id='word_1_869' title='bbox 1389 5712 1574 5773; x_wconf 85' lang='lat' dir='ltr'><strong>oculos</strong></span> <span class='ocrx_word' id='word_1_870' title='bbox 1624 5713 1692 5773; x_wconf 78' lang='lat' dir='ltr'><strong>ad</strong></span> <span class='ocrx_word' id='word_1_871' title='bbox 1720 5715 1936 5784; x_wconf 68' lang='lat' dir='ltr'><strong>oculum,</strong></span> <span class='ocrx_word' id='word_1_872' title='bbox 1973 5726 2028 5774; x_wconf 85' lang='lat' dir='ltr'><strong>et</strong></span> 
     </span>
    </p>
   </div>
   <div class='ocr_carea' id='block_1_107' title="bbox 2132 4607 3726 4679">
    <p class='ocr_par' dir='ltr' id='par_1_107' title="bbox 2132 4607 3726 4679">
     <span class='ocr_line' id='line_1_108' title="bbox 2132 4607 3726 4679; baseline 0.004 -17"><span class='ocrx_word' id='word_1_873' title='bbox 2132 4607 2221 4662; x_wconf 86' lang='lat' dir='ltr'><strong>his</strong></span> <span class='ocrx_word' id='word_1_874' title='bbox 2258 4607 2486 4678; x_wconf 76' lang='lat' dir='ltr'><strong>singulis</strong></span> <span class='ocrx_word' id='word_1_875' title='bbox 2507 4607 2779 4679; x_wconf 79' lang='lat' dir='ltr'><strong>explicare</strong></span> <span class='ocrx_word' id='word_1_876' title='bbox 2813 4623 2872 4666; x_wconf 89' lang='lat' dir='ltr'><strong>se</strong></span> <span class='ocrx_word' id='word_1_877' title='bbox 2893 4623 3001 4668; x_wconf 81' lang='lat' dir='ltr'><strong>non</strong></span> <span class='ocrx_word' id='word_1_878' title='bbox 3046 4608 3247 4676; x_wconf 87' lang='lat' dir='ltr'><strong>valent,</strong></span> <span class='ocrx_word' id='word_1_879' title='bbox 3277 4619 3334 4666; x_wconf 89' lang='lat' dir='ltr'><strong>et</strong></span> <span class='ocrx_word' id='word_1_880' title='bbox 3353 4609 3524 4668; x_wconf 84' lang='lat' dir='ltr'><strong>risum</strong></span> <span class='ocrx_word' id='word_1_881' title='bbox 3564 4627 3726 4668; x_wconf 83' lang='lat' dir='ltr'><strong>suum</strong></span> 
     </span>
    </p>
   </div>
   <div class='ocr_carea' id='block_1_108' title="bbox 2132 4695 3718 4776">
    <p class='ocr_par' dir='ltr' id='par_1_108' title="bbox 2132 4695 3718 4776">
     <span class='ocr_line' id='line_1_109' title="bbox 2132 4695 3718 4776; baseline 0.005 -25"><span class='ocrx_word' id='word_1_882' title='bbox 2132 4695 2189 4751; x_wconf 87' lang='lat' dir='ltr'><strong>in</strong></span> <span class='ocrx_word' id='word_1_883' title='bbox 2218 4697 2588 4754; x_wconf 85' lang='lat' dir='ltr'><strong>confusionem</strong></span> <span class='ocrx_word' id='word_1_884' title='bbox 2613 4699 2850 4755; x_wconf 89' lang='lat' dir='ltr'><strong>viderint</strong></span> <span class='ocrx_word' id='word_1_885' title='bbox 2882 4712 3120 4769; x_wconf 85' lang='lat' dir='ltr'><strong>versum,</strong></span> <span class='ocrx_word' id='word_1_886' title='bbox 3141 4707 3278 4758; x_wconf 85' lang='lat' dir='ltr'><strong>tunc</strong></span> <span class='ocrx_word' id='word_1_887' title='bbox 3308 4702 3594 4758; x_wconf 87' lang='lat' dir='ltr'><strong>nobiseum</strong></span> <span class='ocrx_word' id='word_1_888' title='bbox 3619 4717 3718 4776; x_wconf 86' lang='lat' dir='ltr'><strong>pa-</strong></span> 
     </span>
    </p>
   </div>
   <div class='ocr_carea' id='block_1_109' title="bbox 2135 4788 3715 4869">
    <p class='ocr_par' dir='ltr' id='par_1_109' title="bbox 2135 4788 3715 4869">
     <span class='ocr_line' id='line_1_110' title="bbox 2135 4788 3715 4869; baseline 0.007 -27"><span class='ocrx_word' id='word_1_889' title='bbox 2135 4788 2268 4843; x_wconf 82' lang='lat' dir='ltr'><strong>riter</strong></span> <span class='ocrx_word' id='word_1_890' title='bbox 2307 4790 2546 4858; x_wconf 73' lang='lat' dir='ltr'><strong>veniant,</strong></span> <span class='ocrx_word' id='word_1_891' title='bbox 2599 4801 2658 4847; x_wconf 90' lang='lat' dir='ltr'><strong>et</strong></span> <span class='ocrx_word' id='word_1_892' title='bbox 2700 4791 2982 4864; x_wconf 85' lang='lat' dir='ltr'><strong>requirant</strong></span> <span class='ocrx_word' id='word_1_893' title='bbox 3027 4793 3095 4848; x_wconf 90' lang='lat' dir='ltr'><strong>de</strong></span> <span class='ocrx_word' id='word_1_894' title='bbox 3145 4792 3453 4869; x_wconf 76' lang='lat' dir='ltr'><strong>scripturis</strong></span> <span class='ocrx_word' id='word_1_895' title='bbox 3497 4793 3715 4866; x_wconf 85' lang='lat' dir='ltr'><strong>divinis,</strong></span> 
     </span>
    </p>
   </div>
   <div class='ocr_carea' id='block_1_110' title="bbox 2134 4880 3720 4962">
    <p class='ocr_par' dir='ltr' id='par_1_110' title="bbox 2134 4880 3720 4962">
     <span class='ocr_line' id='line_1_111' title="bbox 2134 4880 3720 4962; baseline 0.007 -28"><span class='ocrx_word' id='word_1_896' title='bbox 2134 4880 2368 4952; x_wconf 80' lang='lat' dir='ltr'><strong>qualiter</strong></span> <span class='ocrx_word' id='word_1_897' title='bbox 2416 4895 2606 4939; x_wconf 81' lang='lat' dir='ltr'><strong>mensa</strong></span> <span class='ocrx_word' id='word_1_898' title='bbox 2657 4885 2774 4941; x_wconf 56' lang='lat' dir='ltr'><strong>huc</strong></span> <span class='ocrx_word' id='word_1_899' title='bbox 2816 4885 2980 4941; x_wconf 86' lang='lat' dir='ltr'><strong>Israel</strong></span> <span class='ocrx_word' id='word_1_900' title='bbox 3027 4885 3200 4958; x_wconf 85' lang='lat' dir='ltr'><strong>possit</strong></span> <span class='ocrx_word' id='word_1_901' title='bbox 3249 4887 3492 4962; x_wconf 71' lang='lat' dir='ltr'><strong>intelligi.</strong></span> <span class='ocrx_word' id='word_1_902' title='bbox 3555 4887 3720 4946; x_wconf 77' lang='lat' dir='ltr'><strong>Nobis</strong></span> 
     </span>
    </p>
   </div>
   <div class='ocr_carea' id='block_1_111' title="bbox 2131 4973 3719 5054">
    <p class='ocr_par' dir='ltr' id='par_1_111' title="bbox 2131 4973 3719 5054">
     <span class='ocr_line' id='line_1_112' title="bbox 2131 4973 3719 5054; baseline 0.008 -26"><span class='ocrx_word' id='word_1_903' title='bbox 2131 4973 2298 5046; x_wconf 75' lang='lat' dir='ltr'><strong>igitur</strong></span> <span class='ocrx_word' id='word_1_904' title='bbox 2317 4989 2416 5045; x_wconf 87' lang='lat' dir='ltr'><strong>pro</strong></span> <span class='ocrx_word' id='word_1_905' title='bbox 2435 4983 2596 5047; x_wconf 88' lang='lat' dir='ltr'><strong>captu</strong></span> <span class='ocrx_word' id='word_1_906' title='bbox 2611 4991 2803 5036; x_wconf 87' lang='lat' dir='ltr'><strong>sensus</strong></span> <span class='ocrx_word' id='word_1_907' title='bbox 2828 4979 2999 5034; x_wconf 85' lang='lat' dir='ltr'><strong>nostri</strong></span> <span class='ocrx_word' id='word_1_908' title='bbox 3018 4979 3350 5050; x_wconf 69' lang='lat' dir='ltr'><strong>itavldctur,</strong></span> <span class='ocrx_word' id='word_1_909' title='bbox 3369 4982 3509 5054; x_wconf 88' lang='lat' dir='ltr'><strong>quod</strong></span> <span class='ocrx_word' id='word_1_910' title='bbox 3530 4997 3719 5041; x_wconf 84' lang='lat' dir='ltr'><strong>omnes</strong></span> 
     </span>
    </p>
   </div>
   <div class='ocr_carea' id='block_1_112' title="bbox 2133 5066 3718 5146">
    <p class='ocr_par' dir='ltr' id='par_1_112' title="bbox 2133 5066 3718 5146">
     <span class='ocr_line' id='line_1_113' title="bbox 2133 5066 3718 5146; baseline 0.008 -24"><span class='ocrx_word' id='word_1_911' title='bbox 2133 5066 2429 5138; x_wconf 74' lang='lat' dir='ltr'><strong>Scriptura:</strong></span> <span class='ocrx_word' id='word_1_912' title='bbox 2458 5083 2577 5140; x_wconf 83' lang='lat' dir='ltr'><strong>quae</strong></span> <span class='ocrx_word' id='word_1_913' title='bbox 2620 5076 2747 5126; x_wconf 88' lang='lat' dir='ltr'><strong>ante</strong></span> <span class='ocrx_word' id='word_1_914' title='bbox 2780 5071 3072 5129; x_wconf 86' lang='lat' dir='ltr'><strong>adventum</strong></span> <span class='ocrx_word' id='word_1_915' title='bbox 3113 5073 3334 5130; x_wconf 85' lang='lat' dir='ltr'><strong>Domini</strong></span> <span class='ocrx_word' id='word_1_916' title='bbox 3377 5086 3535 5132; x_wconf 85' lang='lat' dir='ltr'><strong>erant</strong></span> <span class='ocrx_word' id='word_1_917' title='bbox 3579 5079 3718 5146; x_wconf 86' lang='lat' dir='ltr'><strong>apud</strong></span> 
     </span>
    </p>
   </div>
   <div class='ocr_carea' id='block_1_113' title="bbox 2128 5157 3714 5236">
    <p class='ocr_par' dir='ltr' id='par_1_113' title="bbox 2128 5157 3714 5236">
     <span class='ocr_line' id='line_1_114' title="bbox 2128 5157 3714 5236; baseline 0.007 -24"><span class='ocrx_word' id='word_1_918' title='bbox 2128 5157 2296 5212; x_wconf 89' lang='lat' dir='ltr'><strong>Israel</strong></span> <span class='ocrx_word' id='word_1_919' title='bbox 2348 5157 2582 5236; x_wconf 81' lang='lat' dir='ltr'><strong>(primis</strong></span> <span class='ocrx_word' id='word_1_920' title='bbox 2610 5160 2756 5216; x_wconf 89' lang='lat' dir='ltr'><strong>enim</strong></span> <span class='ocrx_word' id='word_1_921' title='bbox 2786 5162 2992 5218; x_wconf 86' lang='lat' dir='ltr'><strong>credita</strong></span> <span class='ocrx_word' id='word_1_922' title='bbox 3034 5171 3159 5218; x_wconf 90' lang='lat' dir='ltr'><strong>sunt</strong></span> <span class='ocrx_word' id='word_1_923' title='bbox 3195 5163 3302 5220; x_wconf 83' lang='lat' dir='ltr'><strong>illis</strong></span> <span class='ocrx_word' id='word_1_924' title='bbox 3350 5163 3563 5236; x_wconf 84' lang='lat' dir='ltr'><strong>eloquia</strong></span> <span class='ocrx_word' id='word_1_925' title='bbox 3612 5160 3714 5223; x_wconf 50' lang='lat' dir='ltr'><strong>Do:</strong></span> 
     </span>
    </p>
   </div>
   <div class='ocr_carea' id='block_1_114' title="bbox 2130 5233 3710 5326">
    <p class='ocr_par' dir='ltr' id='par_1_114' title="bbox 2130 5233 3710 5326">
     <span class='ocr_line' id='line_1_115' title="bbox 2130 5233 3710 5326; baseline 0.008 -21"><span class='ocrx_word' id='word_1_926' title='bbox 2130 5247 2316 5321; x_wconf 86' lang='lat' dir='ltr'><strong>mini),</strong></span> <span class='ocrx_word' id='word_1_927' title='bbox 2348 5233 2404 5304; x_wconf 85' lang='lat' dir='ltr'><strong>et</strong></span> <span class='ocrx_word' id='word_1_928' title='bbox 2421 5233 2584 5306; x_wconf 74' lang='lat' dir='ltr'><strong>omne</strong></span> <span class='ocrx_word' id='word_1_929' title='bbox 2607 5253 2752 5322; x_wconf 88' lang='lat' dir='ltr'><strong>quod</strong></span> <span class='ocrx_word' id='word_1_930' title='bbox 2803 5253 3104 5326; x_wconf 86' lang='lat' dir='ltr'><strong>appellatur</strong></span> <span class='ocrx_word' id='word_1_931' title='bbox 3130 5263 3289 5312; x_wconf 86' lang='lat' dir='ltr'><strong>vetus</strong></span> <span class='ocrx_word' id='word_1_932' title='bbox 3309 5233 3710 5318; x_wconf 70' lang='lat' dir='ltr'><strong>Testamentum</strong></span> 
     </span>
    </p>
   </div>
   <div class='ocr_carea' id='block_1_115' title="bbox 2131 5340 3712 5420">
    <p class='ocr_par' dir='ltr' id='par_1_115' title="bbox 2131 5340 3712 5420">
     <span class='ocr_line' id='line_1_116' title="bbox 2131 5340 3712 5420; baseline 0.008 -24"><span class='ocrx_word' id='word_1_933' title='bbox 2131 5355 2320 5396; x_wconf 84' lang='lat' dir='ltr'><strong>mensa</strong></span> <span class='ocrx_word' id='word_1_934' title='bbox 2341 5347 2426 5396; x_wconf 88' lang='lat' dir='ltr'><strong>est</strong></span> <span class='ocrx_word' id='word_1_935' title='bbox 2445 5340 2614 5398; x_wconf 85' lang='lat' dir='ltr'><strong>Israel</strong></span> <span class='ocrx_word' id='word_1_936' title='bbox 2637 5362 2651 5397; x_wconf 88' lang='lat'><strong>:</strong></span> <span class='ocrx_word' id='word_1_937' title='bbox 2675 5344 2730 5398; x_wconf 90' lang='lat' dir='ltr'><strong>in</strong></span> <span class='ocrx_word' id='word_1_938' title='bbox 2755 5357 2862 5414; x_wconf 88' lang='lat' dir='ltr'><strong>qua</strong></span> <span class='ocrx_word' id='word_1_939' title='bbox 2887 5357 3072 5402; x_wconf 87' lang='lat' dir='ltr'><strong>mensa</strong></span> <span class='ocrx_word' id='word_1_940' title='bbox 3093 5346 3140 5401; x_wconf 89' lang='lat' dir='ltr'><strong>si</strong></span> <span class='ocrx_word' id='word_1_941' title='bbox 3169 5345 3293 5420; x_wconf 84' lang='lat' dir='ltr'><strong>quis</strong></span> <span class='ocrx_word' id='word_1_942' title='bbox 3321 5348 3535 5406; x_wconf 80' lang='lat' dir='ltr'><strong>volebat</strong></span> <span class='ocrx_word' id='word_1_943' title='bbox 3555 5347 3712 5408; x_wconf 79' lang='lat' dir='ltr'><strong>edere</strong></span> 
     </span>
    </p>
   </div>
   <div class='ocr_carea' id='block_1_116' title="bbox 2131 5431 3716 5512">
    <p class='ocr_par' dir='ltr' id='par_1_116' title="bbox 2131 5431 3716 5512">
     <span class='ocr_line' id='line_1_117' title="bbox 2131 5431 3716 5512; baseline 0.006 -23"><span class='ocrx_word' id='word_1_944' title='bbox 2131 5431 2356 5489; x_wconf 86' lang='lat' dir='ltr'><strong>verbum</strong></span> <span class='ocrx_word' id='word_1_945' title='bbox 2380 5432 2502 5500; x_wconf 86' lang='lat' dir='ltr'><strong>Dei,</strong></span> <span class='ocrx_word' id='word_1_946' title='bbox 2530 5435 2790 5508; x_wconf 87' lang='lat' dir='ltr'><strong>appositis</strong></span> <span class='ocrx_word' id='word_1_947' title='bbox 2819 5436 2922 5492; x_wconf 85' lang='lat' dir='ltr'><strong>sibi</strong></span> <span class='ocrx_word' id='word_1_948' title='bbox 2957 5437 3092 5511; x_wconf 75' lang='lat' dir='ltr'><strong>legis</strong></span> <span class='ocrx_word' id='word_1_949' title='bbox 3113 5446 3169 5494; x_wconf 89' lang='lat' dir='ltr'><strong>et</strong></span> <span class='ocrx_word' id='word_1_950' title='bbox 3195 5440 3579 5512; x_wconf 81' lang='lat' dir='ltr'><strong>prophetarum</strong></span> <span class='ocrx_word' id='word_1_951' title='bbox 3598 5440 3716 5500; x_wconf 63' lang='grc' dir='ltr'><strong>θεὲ-⁸</strong></span> 
     </span>
    </p>
   </div>
   <div class='ocr_carea' id='block_1_117' title="bbox 2129 5525 3712 5603">
    <p class='ocr_par' dir='ltr' id='par_1_117' title="bbox 2129 5525 3712 5603">
     <span class='ocr_line' id='line_1_118' title="bbox 2129 5525 3712 5603; baseline 0.006 -21"><span class='ocrx_word' id='word_1_952' title='bbox 2129 5525 2380 5584; x_wconf 85' lang='lat' dir='ltr'><strong>monibus</strong></span> <span class='ocrx_word' id='word_1_953' title='bbox 2409 5525 2750 5602; x_wconf 84' lang='lat' dir='ltr'><strong>pascebatur.</strong></span> <span class='ocrx_word' id='word_1_954' title='bbox 2779 5527 2850 5585; x_wconf 85' lang='lat' dir='ltr'><strong>Et</strong></span> <span class='ocrx_word' id='word_1_955' title='bbox 2877 5530 3020 5588; x_wconf 84' lang='lat' dir='ltr'><strong>hanc</strong></span> <span class='ocrx_word' id='word_1_956' title='bbox 3056 5539 3188 5603; x_wconf 86' lang='lat' dir='ltr'><strong>puto</strong></span> <span class='ocrx_word' id='word_1_957' title='bbox 3215 5547 3336 5590; x_wconf 84' lang='lat' dir='ltr'><strong>esse</strong></span> <span class='ocrx_word' id='word_1_958' title='bbox 3382 5545 3620 5590; x_wconf 84' lang='lat' dir='ltr'><strong>mensam</strong></span> <span class='ocrx_word' id='word_1_959' title='bbox 3643 5535 3712 5594; x_wconf 83' lang='lat' dir='ltr'><strong>de</strong></span> 
     </span>
    </p>
   </div>
   <div class='ocr_carea' id='block_1_118' title="bbox 2131 5620 3712 5692">
    <p class='ocr_par' dir='ltr' id='par_1_118' title="bbox 2131 5620 3712 5692">
     <span class='ocr_line' id='line_1_119' title="bbox 2131 5620 3712 5692; baseline 0.003 -15"><span class='ocrx_word' id='word_1_960' title='bbox 2131 5635 2240 5692; x_wconf 86' lang='lat' dir='ltr'><strong>qua</strong></span> <span class='ocrx_word' id='word_1_961' title='bbox 2287 5621 2421 5677; x_wconf 83' lang='lat' dir='ltr'><strong>dicit</strong></span> <span class='ocrx_word' id='word_1_962' title='bbox 2471 5620 2766 5678; x_wconf 88' lang='lat' dir='ltr'><strong>Salomon:</strong></span> <span class='ocrx_word' id='word_1_963' title='bbox 2799 5622 2863 5678; x_wconf 87' lang='lat' dir='ltr'><strong>Si</strong></span> <span class='ocrx_word' id='word_1_964' title='bbox 2895 5623 3091 5681; x_wconf 76' lang='lat' dir='ltr'><strong>sederis</strong></span> <span class='ocrx_word' id='word_1_965' title='bbox 3137 5639 3342 5682; x_wconf 62' lang='lat' dir='ltr'><strong>cantare</strong></span> <span class='ocrx_word' id='word_1_966' title='bbox 3387 5627 3457 5681; x_wconf 85' lang='lat' dir='ltr'><strong>ad</strong></span> <span class='ocrx_word' id='word_1_967' title='bbox 3484 5641 3712 5682; x_wconf 67' lang='lat' dir='ltr'><strong>mensas:</strong></span> 
     </span>
    </p>
   </div>
   <div class='ocr_carea' id='block_1_119' title="bbox 2129 5713 3711 5794">
    <p class='ocr_par' dir='ltr' id='par_1_119' title="bbox 2129 5713 3711 5794">
     <span class='ocr_line' id='line_1_120' title="bbox 2129 5713 3711 5794; baseline 0.004 -23"><span class='ocrx_word' id='word_1_968' title='bbox 2129 5717 2353 5786; x_wconf 79' lang='lat' dir='ltr'><strong>potentis</strong></span> <span class='ocrx_word' id='word_1_969' title='bbox 2379 5753 2394 5784; x_wconf 87' lang='lat'><strong>,</strong></span> <span class='ocrx_word' id='word_1_970' title='bbox 2445 5713 2858 5794; x_wconf 36' lang='lat' dir='ltr'><strong>intelligibiliter‘</strong></span> <span class='ocrx_word' id='word_1_971' title='bbox 2909 5718 3138 5792; x_wconf 78' lang='lat' dir='ltr'><strong>intelligo</strong></span> <span class='ocrx_word' id='word_1_972' title='bbox 3201 5735 3322 5793; x_wconf 79' lang='lat' dir='ltr'><strong>qua:</strong></span> <span class='ocrx_word' id='word_1_973' title='bbox 3376 5714 3711 5794; x_wconf 57' lang='lat' dir='ltr'><strong>opportuni</strong></span> 
     </span>
    </p>
   </div>
  </div>
