4000 6398
494 280 630 337 1w

495 585 618 625 cem
633 570 901 641 malum,
921 578 980 627 ut
1004 569 1139 633 alter
1160 567 1387 623 alterius
1410 580 1519 619 non
1544 570 1718 634 egeat,
1744 576 1807 615 ac
1834 575 1931 631 per
1956 560 2061 614 hoc

493 675 680 719 curam
704 659 1131 721 nostriinviccm
1154 672 1251 713 nos
1280 670 1439 723 agere
1466 654 1684 715 debere,
1710 666 1808 707 nec
1829 650 2062 704 alterum

491 752 586 811 alii
610 730 895 823 obsistam,
930 752 1054 821 quia
1099 749 1328 805 invicem
1349 745 1539 800 ciliciis
1567 744 1767 800 nostris
1804 756 1940 813 opus
1971 741 2062 794 lia-

488 845 700 905 bemns.
771 842 888 903 Hoc
938 828 1045 899 erit
1086 841 1315 911 diligere
1370 838 1669 901 Christum,
1730 837 1774 891 si
1825 834 2060 889 invicem

489 946 549 987 se
589 930 831 988 membra
871 929 1260 991 exhortantur,
1294 936 1371 1011 ut.
1398 926 1657 996 impleant
1702 924 1918 979 modum
1953 935 2062 992 quo

487 1022 756 1093 corpusin
774 1021 988 1081 Christo
1016 1018 1310 1091 perfectum
1337 1016 1643 1091 sit.(0rig.)
1670 1015 1950 1084 Quomodo
1966 1029 2063 1083 au-

488 1124 597 1169 tem
630 1129 827 1187 corpus
854 1113 995 1169 istud
1041 1114 1095 1167 in
1117 1112 1334 1167 Christo
1362 1112 1454 1185 sit,
1498 1109 1552 1164 id
1595 1119 1696 1179 est,
1728 1108 1782 1162 in
1809 1106 2060 1171 veritate,

485 1213 545 1279 et
567 1206 855 1277 sapientia,
877 1213 934 1260 et
953 1204 1187 1273 iustitia,
1226 1212 1283 1258 et
1305 1200 1756 1265 sanctiﬁcatione,
1791 1213 1911 1269 qua:
1943 1204 2061 1251 0m-

485 1296 574 1355 nia
598 1294 842 1355 Christus
872 1304 974 1361 est,
1004 1292 1271 1365 saepeiam
1294 1293 1547 1349 diximus.

555 1402 814 1461 Habentes
840 1413 1013 1460 autem
1050 1405 1354 1459 donationes
1390 1402 1672 1456 secundum
1700 1399 1923 1469 gradum
1945 1412 2062 1470 quae

480 1495 607 1553 data
629 1504 703 1549 est
740 1495 886 1551 nobis
927 1495 1238 1563 dilferentes.
1301 1492 1516 1564 (Δηώ.)
1557 1490 1711 1547 Nunc
1738 1497 1919 1545 autem
1944 1487 2061 1558 ipsa

483 1582 653 1640 cilicia
693 1585 947 1654 deputata
984 1585 1240 1640 membris
1271 1584 1464 1639 merito
1494 1580 1617 1637 ﬁdei
1659 1586 1963 1643 enumerat,
2004 1582 2065 1631 ut

1122 275 1182 333 Β.
1216 272 1473 335 MBAN
1506 271 1725 329 HAURI
1761 267 2062 325 ARCHIEP

2165 264 2433 323 [ΟΟΗΝΤ.
2468 264 2755 327 OPERUM
2787 263 2970 323 PARS
3003 264 3091 322 ιιι.
3162 286 3179 291 -

492 390 794 457 hebetaret
816 350 1115 462 particeps:
1136 383 1436 458 (Ambr.)et
1453 384 1530 438 ita
1552 380 1798 450 exemplo
1820 377 2068 449 corporis
2084 389 2146 459 ,Α
2170 375 2404 431 rinthios
2432 375 2695 441 scribens,
2746 385 2858 433 tres
2894 375 3166 446 capiendae
3199 375 3389 449 gratiae
3430 375 3683 432 modos
3738 379 3859 435 do-

492 481 651 539 docet
671 493 777 543 non
800 494 961 551 posse
974 490 1075 537 nos
1090 477 1349 546 singulos,
1370 475 1551 533 omnia
1575 474 1701 543 quia
1719 486 1904 527 sumus
1929 469 2063 525 invi—
2161 482 2306 531 cere,
2346 476 2408 522 ut
2433 482 2501 521 ex
2531 467 2685 523 nobis
2719 466 2775 523 in
2820 482 2885 523 eo
2920 468 3007 538 agi
3033 468 3233 540 aliquid
3275 470 3577 535 ostendat,
3632 469 3853 540 pluri-

2164 571 2314 610 mum
2350 564 2529 610 tamen
2559 555 2614 610 in
2641 555 2735 611 Dei
2764 555 3049 626 largitione
3074 556 3393 612 consistere.
3449 557 3653 612 Ponit
3691 574 3851 629 ergo

2161 655 2216 701 et
2252 664 2271 697 ι
2296 658 2604 702 mensuram
2630 644 2751 702 ﬁdei
2772 665 2790 697 ι
2820 660 2960 713 esse,
2974 654 3073 717 per
3091 663 3254 718 quam
3270 649 3398 718 quis
3422 650 3719 719 gratiam
3748 665 3847 703 ea.

2160 736 2259 803 pit,
2283 736 2433 805 ponit
2466 742 2522 789 et
2547 755 2565 786 ι
2597 735 2663 790 ad
2698 735 2752 790 id
2772 735 2913 805 quod
2946 734 3163 806 expedit
3191 757 3209 788 ι
3240 736 3384 803 dari,
3411 746 3476 791 et
3518 737 3843 808 Spiritum

2164 827 2403 883 dividere
2445 846 2463 879 ‹
2501 837 2664 899 prout
2687 828 2820 883 vult.
2852 848 2870 880 ι
2903 828 2973 885 Ut
2997 842 3127 900 ergo
3159 838 3309 884 tanta
3334 833 3394 885 in
3430 831 3617 885 nobis
3688 833 3843 887 fides

2164 920 2489 984 inveniatur,
2528 927 2728 990 quanta
2766 921 2940 989 possit
2970 919 3339 976 sublimiorem
3376 922 3659 993 gratiam
3696 938 3841 992 pro-

2164 1010 2383 1075 mereri,
2418 1010 2586 1064 nostri
2629 1010 2808 1079 cperis
2866 1010 3079 1066 videtur
3116 1016 3172 1064 et
3211 1010 3406 1065 studii.
3462 1010 3557 1065 Ut
3620 1022 3836 1065 autem

2164 1103 2232 1158 ad
2266 1103 2519 1158 id~detur
2568 1102 2713 1173 quod
2776 1104 3011 1173 expedit,
3061 1111 3117 1157 et
3154 1104 3289 1158 utile
3329 1105 3410 1158 sit
3459 1106 3832 1175 accipienti.

2164 1191 2260 1246 Dei
2291 1189 2553 1259 judicium
2595 1202 2703 1257 est,
2740 1191 2826 1246 vel
2865 1192 3086 1247 omnino
3129 1194 3173 1248 si
3221 1193 3341 1249 dari
3379 1194 3557 1258 velit,
3600 1195 3665 1247 in
3708 1198 3833 1263 ipso

2164 1290 2278 1345 est;
2309 1281 2428 1336 ideo
2448 1289 2502 1335 et
2527 1280 2580 1335 in
2602 1281 2723 1337 aliis
2750 1282 2888 1337 idem
2914 1281 3201 1352 Apostolus
3230 1283 3367 1339 dicit
3394 1284 3451 1356 (ι
3488 1283 3648 1338 εον.
3668 1292 3777 1349 xu:
3812 1308 3821 1335 :

2167 1370 2325 1426 Nunc
2362 1380 2535 1426 autem
2579 1371 2717 1426 Deus
2768 1373 2939 1441 posuit
2973 1373 3029 1426 in
3087 1388 3303 1443 corpore
3358 1377 3821 1443 unumquodque

2171 1466 2457 1517 membrum
2474 1474 2627 1533 prout
2652 1462 2834 1518 uoluit.
2854 1463 3034 1520 Voluit
3055 1474 3235 1520 autem
3251 1464 3405 1522 Deus
3432 1487 3453 1517 ι
3477 1468 3821 1522 secundum

2167 1558 2433 1614 rationem
2452 1577 2471 1611 ι
2488 1558 2572 1614 vel
2597 1578 2615 1609 ι
2635 1570 2944 1614 mensuram
2960 1557 3104 1626 ﬁdei,
3128 1580 3147 1613 ι
3167 1574 3288 1630 quae
3300 1566 3391 1616 est
3407 1562 3466 1615 in
3490 1562 3680 1617 nobis
3701 1580 3718 1625 ;
3740 1564 3819 1617 vel

483 1689 606 1730 cum
640 1647 836 1730 ﬁdem
856 1674 1155 1735 memnm
1188 1672 1334 1743 qm
1362 1670 1467 1729 sibi
1497 1669 1810 1739 domum,“
1830 1665 2062 1722 omcium
2100 1742 2119 1743 ﬁ
2174 1665 2193 1743 ι
2219 1648 2479 1743 voluitad
2505 1647 2722 1743 idquod
2754 1648 3007 1743 expedit;
3040 1668 3058 1701 ι
3090 1649 3198 1743 nisi
3228 1649 3372 1743 i‘orte
3396 1652 3481 1705 ita
3508 1651 3741 1721 aliquis
3768 1664 3819 1708 et

483 1774 587 1830 est,
615 1780 723 1819 non
748 1773 1054 1834 perstrepat
1070 1736 1243 1829 alteri,
1277 1762 1364 1816 cui
1382 1736 1581 1815 viderit
1604 1758 1748 1813 aliud
1773 1757 2027 1811 traditum
2047 1800 2062 1826 ,
2173 1739 2274 1794 hoc
2298 1737 2428 1834 ῖθιίι
2454 1737 2774 1834 intendere.
2805 1756 2824 1789 ⁸
2854 1736 2998 1793 Deus
3012 1738 3198 1834 posuit
3228 1739 3280 1793 in
3323 1752 3819 1834 corporeiunum-

483 1856 581 1910 sed
599 1830 940 1926 conger-aunt
955 1830 1151 1925 corpus
1171 1852 1425 1908 Ecclesia:
1441 1852 1513 1907 sit
1522 1850 1843 1920 perfectum.
1865 1845 2063 1921 (ϐασις.)
2088 1830 2117 1843 η

480 1944 593 1999 Nec
627 1945 772 2000 enim
810 1942 954 1998 nulla
994 1943 1235 1999 membra
1279 1942 1506 1997 aliorum
1554 1941 1656 1995 sibi
1701 1939 2064 1995 membrm'um

480 2042 707 2106 possunt
745 2034 1045 2091 ministeria
1081 2034 1375 2105 vindicare,
1428 2033 1553 2109 quia
1608 2046 1707 2086 nec
1755 2029 1896 2085 oculi
1938 2043 2061 2082 ma-

481 2143 669 2201 nuum,
697 2139 799 2188 nec
823 2140 984 2189 nat-es
1009 2126 1219 2188 amium
1254 2140 1478 2187 utuntur
1508 2126 1707 2196 oﬁicin,
1758 2131 1821 2179 et
1864 2121 2065 2180 idcirco

466 2238 588 2295 non
612 2237 799 2281 omnes
834 2224 1086 2294 apostoli,
1118 2238 1228 2279 non
1244 2237 1440 2279 omnes
1464 2223 1763 2293 prophetat,
1798 2235 1905 2275 non
1943 2234 2059 2274 om-

481 2333 579 2377 nes
604 2319 871 2383 ductores,
902 2332 1011 2373 non
1031 2330 1222 2375 omnes
1244 2316 1448 2388 gratias
1466 2315 1670 2373 habent
1690 2313 2057 2375 curationum;

478 2425 588 2467 non
618 2424 810 2467 omnes
842 2408 1039 2480 linguis
1066 2408 1375 2478 loquuntur,
1417 2420 1527 2461 non
1566 2418 1756 2460 omnes
1796 2404 2064 2472 interpre-

483 2507 664 2577 tantur
688 2516 700 2552 :
734 2498 908 2555 solent
936 2498 1079 2555 enim
1102 2497 1161 2553 hi
1182 2498 1278 2568 qui
1305 2497 1533 2553 necdum
1558 2503 1691 2549 sunt
1719 2495 1772 2548 in
1788 2493 1879 2562 illa
1898 2506 2062 2562 quam

480 2590 824 2660 arripuerunt
844 2589 1183 2661 professione
1207 2587 1443 2655 fundati,
1460 2601 1589 2643 cum
1622 2587 1892 2642 audierint
1904 2598 2065 2655 quos-

479 2681 607 2739 dam
644 2681 703 2737 in
724 2679 957 2737 diversis
988 2679 1180 2737 studiis
1218 2693 1285 2734 ac
1329 2678 1617 2737 virtutibus
1638 2673 1942 2747 pratdit‘ari,
1986 2674 2059 2728 ita

478 2787 667 2828 eorum
711 2772 868 2828 laude
918 2771 1190 2839 succendi,
1239 2776 1300 2826 ut
1342 2768 1545 2827 imitari
1582 2780 1775 2823 eorum
1814 2764 2063 2836 protinus

477 2870 689 2935 gestent
708 2864 1062 2934 disciplinam,
1097 2864 1154 2918 in
1178 2875 1286 2932 quo
1300 2862 1495 2917 irritos
1516 2858 1826 2917 necessario
1854 2852 2062 2926 imperf-

478 2956 555 3010 dit
589 2965 818 3011 conatus
850 2957 1086 3011 humana
1120 2953 1404 3027 fragilitas.
1446 2950 1783 3024 [inpossibile
1827 2958 2062 3020 namque

2172 1819 2421 1905 quodque
2446 1831 2747 1886 membrum
2775 1839 2935 1901 prout
2961 1814 3146 1894 voluit,
3181 1850 3199 1882 ι
3232 1837 3292 1885 ut
3319 1831 3495 1885 uoluit
3526 1833 3609 1885 ad
3637 1848 3815 1886 meni-

2168 1926 2324 1980 brum
2341 1923 2511 1994 magis
2532 1922 2819 1988 celeratur,
2856 1924 2958 1980 hoc
2972 1931 3072 1989 est,
3106 1943 3124 1975 ι
3155 1925 3540 1993 proutvoluit,
3582 1945 3604 1976 ι
3646 1936 3809 1994 prem

2168 2015 2529 2086 elegit,th
2548 2029 2769 2085 operam
2796 2015 2966 2081 dedit,
2993 2030 3060 2071 ne
3072 2015 3324 2071 videatur
3350 2017 3425 2073 de
3449 2019 3705 2074 homine
3723 2036 3809 2074 ar-

2166 2108 2310 2164 bitrii
2341 2116 2579 2179 potestas
2603 2107 2823 2163 auferri.
2858 2108 3248 2164 Verumtamen
3276 2122 3347 2164 ex
3374 2110 3493 2166 hoc
3522 2113 3689 2181 quod
3708 2114 3802 2169 ait.

2166 2202 2281 2258 dari
2305 2200 2534 2275 gratiam
2566 2214 2584 2256 ι
2606 2199 2672 2260 od
2694 2200 2746 2260 id
2770 2199 2911 2274 quod
2927 2199 3164 2275 expedit,
3197 2218 3216 2257 ι
3238 2208 3424 2275 potest
3451 2201 3589 2257 fieri
3621 2214 3687 2256 ut
3705 2204 3801 2255 etsi

2167 2295 2237 2350 sit
2266 2295 2319 2349 in
2355 2295 2533 2367 aliquo
2576 2310 2832 2351 mensura
2870 2295 2994 2351 ﬁdei
3048 2304 3200 2351 tanta
3247 2313 3373 2368 qua
3412 2294 3797 2356 excelsiurr-t

2166 2391 2395 2461 gratiam
2439 2398 2711 2447 mereatur
2754 2393 3023 2462 accipere,
3072 2394 3117 2448 si
3166 2403 3391 2451 sanctus
3415 2395 3795 2468 Spiritusfa-
3894 2390 3899 2397 ’

2166 2491 2285 2537 tura
2320 2483 2656 2554 prospiciens
2687 2484 2944 2554 expedire
2973 2478 3261 2556 accipienti
3288 2496 3403 2544 noti
3417 2486 3685 2557 iudicet,
3713 2508 3795 2547 ne-

2164 2574 2405 2629 cessario
2462 2573 2666 2629 dividat
2694 2573 3005 2645 unicuique
3049 2584 3211 2645 prout
3242 2577 3359 2631 vult
3425 2587 3491 2633 et
3546 2583 3792 2652 espedit.

2164 2663 2407 2736 Denique
2450 2664 2742 2720 nunnullos
2786 2665 3033 2720 videmus
3070 2665 3299 2736 gratiam
3343 2671 3653 2740 accepisse
3700 2672 3792 2726 do-

2164 2756 2369 2821 ctrinae,
2383 2755 2471 2810 vel
2494 2756 2886 2812 exhortationis
2906 2757 2975 2811 ad
2987 2756 3219 2826 plebem,
3237 2767 3294 2812 et
3313 2773 3380 2814 ex
3398 2760 3514 2815 hoc
3538 2764 3668 2832 ipso
3686 2764 3791 2819 ela-

2163 2854 2248 2901 tos
2269 2854 2431 2917 atque
2474 2847 2527 2901 in
2549 2848 2861 2916 superbiam
2885 2863 3091 2913 versos,
3128 2850 3182 2903 in
3204 2849 3785 2919 judicium-incidisse

2163 2935 2362 2993 diaboli
2394 2953 2409 3002 ;
2446 2936 2580 2993 alios
2624 2938 2903 3008 accepisse
2936 2938 3155 3008 quidem
3178 2941 3439 3009 gratiam,
3482 2945 3592 2999 sed
3625 2947 3788 3017 nein

477 3053 580 3110 cst,
637 3060 803 3099 unum
866 3044 1219 3114 eumdemqiu:
1286 3033 1559 3100 hominem
1598 3041 1759 3098 simul
1796 3039 2062 3096 universis

2166 3028 2347 3097 gentia
2379 3027 2545 3082 animi
2580 3036 2641 3083 et
2668 3028 2794 3083 vitae
2840 3028 3045 3083 desidia
3094 3031 3443 3100 corrupisse;
3486 3036 3642 3090 unde
3668 3045 3784 3090 erat

478 3107 615 3203 quas
645 3133 890 3204 superius
923 3107 1329 3202 comprehendi,
1354 3132 1559 3201 fulgere
1584 3107 2136 3199 virtutibus;quas-C
2167 3127 2222 3173 et
2248 3117 2338 3173 ille
2365 3118 2457 3188 qui
2485 3124 2765 3188 acceptum
2804 3118 3085 3175 denarium
3117 3121 3171 3176 in
3208 3122 3435 3178 sudario
3476 3125 3784 3196 colligavit,

478 3226 526 3283 si
554 3225 681 3296 quis
717 3223 945 3280 voluerit
964 3224 1171 3295 pariter
1196 3221 1468 3289 affectam,
1496 3222 1637 3279 inid
1672 3220 1911 3277 incidere
1934 3222 2060 3275 eum

478 3330 704 3373 necesse
728 3325 834 3381 est,
864 3324 925 3371 ut
952 3316 1082 3371 dum
1102 3328 1295 3371 omna
1319 3312 1583 3383 sequium,
1614 3310 1820 3367 nullam
1850 3310 2060 3382 integre

477 3414 862 3473 consequatur,
891 3404 1169 3476 magisque
1194 3404 1250 3459 in
1276 3402 1379 3458 hac
1399 3401 1775 3458 immutatione
1799 3414 1864 3457 ac
1889 3399 2063 3455 vatio-

479 3506 591 3552 tate
638 3496 973 3569 dispendium
1022 3494 1223 3565 capiat,
1282 3508 1444 3565 quam
1480 3493 1821 3564 profectum;
1868 3492 2061 3547 multis

478 3589 622 3645 enim
660 3588 762 3644 viis
800 3588 870 3645 ad
913 3590 1083 3644 Deum
1114 3586 1374 3652 tenditur,
1411 3592 1466 3642 ct
1494 3585 1862 3655 unusquisque
1890 3582 2057 3647 illam,

384 3744 389 3751 η
479 3694 639 3753 quam
677 3680 844 3737 semel
887 3678 1135 3749 arripuit,
1178 3674 1518 3735 irrevocabili
1547 3689 1739 3732 cursus
1776 3675 1861 3731 sui
1886 3674 2061 3729 inten-

480 3771 627 3827 tione
660 3770 931 3837 conﬁciat,
976 3776 1036 3823 ut
1060 3770 1131 3824 sit
1156 3769 1212 3824 in
1241 3767 1477 3837 qualibet
1512 3766 1847 3838 perfectione
1884 3764 2062 3836 perfe-

479 3870 619 3919 ctus.
644 3859 761 3917 Sive
779 3861 1101 3932 prophetiam
1117 3859 1403 3914 secundant
1426 3858 1678 3912 rationem
1694 3857 1841 3925 ﬁdei.
1856 3856 2060 3927 (Δηώ.)

478 3954 525 4008 Α
548 3953 829 4027 prophetia
856 3952 1062 4022 incipit,
1091 3966 1211 4021 qum
1235 3950 1483 4022 probatio
1510 3957 1595 4005 est
1618 3950 1794 4020 prima
1823 3948 2061 4003 rationa-

479 4044 641 4100 bilem
668 4042 966 4098 esse‘ﬁdem
994 4051 1260 4106 nostram,
1284 4040 1518 4110 denique
1533 4039 1816 4095 credentes
1834 4044 2059 4106 accepto

483 4132 685 4204 Spiritu
716 4132 1127 4205 prophetabant.
1162 4131 1288 4188 llaec
1314 4145 1445 4203 ergo
1468 4130 1632 4186 datur
1656 4144 1755 4199 pro
1782 4129 1942 4185 modo
1968 4143 2060 4183 ac-

448 4223 752 4296 cipientis,
808 4225 913 4280 hoc
960 4232 1066 4291 est,
1102 4231 1370 4293 quantum
1412 4236 1577 4278 causa
1622 4221 1791 4292 exigit
1838 4227 2060 4291 propter

460 4326 644 4384 'quam
665 4315 841 4368 datur.
867 4314 1063 4385 (θήρ.)
1085 4312 1218 4368 Cum
1239 4327 1370 4383 ergo
1392 4314 1615 4369 dixisset
1633 4313 1873 4383 singulos
1894 4328 2061 4382 quos-

484 4420 591 4479 que
623 4405 957 4460 credentium
986 4406 1225 4459 membra
1272 4419 1393 4461 esse
1426 4405 1586 4459 unius
1636 4404 1876 4475 corporis
1903 4403 2060 4461 Chri-

2162 3225 2263 3269 nec
2291 3210 2507 3281 cperari
2531 3224 2595 3265 ex
2626 3226 2693 3267 eo
2716 3210 2920 3281 aliquid
2940 3211 3109 3266 voluit
3129 3211 3282 3284 (Luc.
3300 3214 3424 3287 arx)
3444 3234 3459 3282 ;
3476 3226 3784 3287 propterea

2163 3299 2392 3371 denique
2408 3308 2469 3354 et
2493 3299 2781 3370 Apostolus
2809 3301 2996 3356 scribit
3024 3301 3093 3358 ad
3120 3302 3512 3361 citatissimum
3556 3308 3664 3363 sibi
3716 3310 3780 3364 ﬁ-

2163 3393 2293 3447 lium
2318 3392 2506 3448 dicens
2539 3411 2552 3446 :
2590 3391 2717 3446 Noli
2743 3393 3000 3463 negligere
3021 3395 3268 3465 gratiam,
3312 3414 3435 3467 qua:
3460 3401 3523 3453 in
3549 3411 3603 3454 te
3626 3412 3703 3454 at
3729 3403 3779 3472 (I

2130 3484 2300 3565 .Tim.
2326 3485 2433 3554 tv),
2485 3492 2741 3553 tanquam
2783 3484 2959 3539 sciens
2974 3496 3143 3555 aposse
3167 3485 3403 3556 gratiam
3445 3503 3555 3559 per
3606 3491 3773 3563 aegis

2162 3579 2399 3652 gentiam
2426 3579 2695 3649 deperire.
2717 3577 2870 3647 Quod
2887 3588 3067 3635 autem
3101 3582 3255 3647 dixit,
3285 3602 3306 3635 ι
3338 3586 3658 3641 secundum
3688 3600 3773 3640 ra-

2161 3672 2364 3728 tionem
2388 3691 2407 3724 »
2432 3670 2522 3727 vel
2545 3688 2844 3727 mequ
2867 3672 3011 3739 ﬁdei,
3024 3680 3156 3744 puto
3177 3672 3294 3742 jam
3330 3676 3498 3746 plene
3526 3678 3589 3732 in
3620 3694 3773 3751 supe-

2159 3762 2394 3819 rioribus
2420 3764 2724 3832 expositum
2766 3764 2994 3833 quaesit
3042 3763 3179 3821 ﬁdes
3242 3780 3373 3836 quin
3398 3783 3429 3823 a
3478 3772 3650 3827 nobis
3682 3789 3771 3829 re-

2160 3856 2510 3926 quiratur,-et
2536 3868 2658 3926 qua:
2711 3857 2783 3912 sit
2826 3872 2949 3926 qum
2980 3857 3149 3914 abeo
3172 3869 3279 3929 per
3302 3863 3545 3932 gratiam
3584 3867 3767 3931 datur,

2161 3948 2454 4003 secundum
2478 3948 2584 4002 hoc
2610 3948 2756 4017 quod
2780 3947 2920 4002 idem
2960 3948 3249 4019 Apostolus
3291 3952 3446 4019 dicit,
3502 3955 3607 4008 alii
3639 3958 3766 4026 ﬁda

2158 4037 2216 4093 in
2242 4038 2421 4091 eodem
2450 4037 2687 4107 Spiritu;
2736 4046 2793 4093 et
2820 4037 2951 4093 item
2979 4038 3219 4108 Apostoli
3249 4043 3319 4099 ad
3364 4043 3663 4102 Dominum
3691 4048 3770 4103 di.

2159 4136 2289 4185 cunt
2312 4148 2324 4181 :
2344 4129 2489 4199 Auge
2510 4131 2567 4183 iu
2578 4119 2733 4184 nobis
2753 4129 2910 4197 ﬁdem
2933 4130 3088 4203 (Luc.
3114 4134 3273 4203 xvii).
3294 4134 3457 4201 Quod
3486 4137 3631 4195 ﬁdes
3648 4143 3763 4211 qui-

2158 4223 2280 4279 dem
2338 4238 2457 4294 quae
2518 4230 2699 4292 Spe-ret
2733 4231 2790 4277 et
2842 4224 3027 4280 credat
3054 4236 3107 4279 ct
3149 4226 3354 4296 absque
3396 4227 3508 4284 ulla
3554 4231 3764 4287 dubiu-

2159 4314 2306 4369 tione
2333 4312 2589 4379 conﬁdat,
2612 4315 2668 4368 in
2701 4315 2857 4370 nobis
2876 4324 2997 4382 est;
3031 4318 3172 4373 ratio
3189 4332 3322 4374 vero
3340 4319 3465 4377 ﬁdei
3480 4321 3687 4393 ipsius,
3709 4333 3760 4380 et

2162 4405 2471 4471 scientia,et
2489 4405 2760 4477 perfectus
2778 4422 2965 4483 eorum
2991 4423 3111 4478 quae
3127 4411 3402 4467 credimus
3426 4402 3759 4483 intellectas,

483 4476 572 4564 sti,
603 4510 747 4552 nunc
764 4496 924 4566 quasi
943 4496 1280 4552 diversorum
1306 4497 1671 4553 membrorum
1689 4476 2139 4552 diversitatem.”
2174 4498 2407 4553 donatur
2434 4512 2466 4552 a
2490 4497 2623 4553 Deo.
2681 4480 2972 4554 Seddicat
3010 4476 3250 4555 l‘ot-tasse
3290 4502 3509 4573 aliquis,
3564 4507 3610 4559 si

434 4582 437 4589 λ
483 4589 664 4660 operis
689 4597 990 4655 enumerat,
1043 4595 1098 4643 et
1121 4588 1270 4643 verbi
1300 4602 1466 4645 causa
1501 4588 1648 4645 velut
1674 4588 1831 4645 oculo
1868 4589 2066 4654 visum,

434 4672 443 4689 ⁸
482 4680 559 4734 ita
585 4680 777 4742 menti,
821 4695 940 4750 qua:
966 4687 1051 4734 est
1078 4678 1301 4735 interior
1328 4678 1536 4743 oculus,
1585 4678 1886 4749 Propbetia:
1927 4678 2067 4733 assi-

2174 4591 2356 4648 omnia
2378 4604 2482 4660 per
2507 4589 2736 4660 gratiam
2764 4590 2979 4655 dantur,
3010 4606 3116 4646 non
3142 4593 3247 4647 erit
3284 4593 3526 4665 itacuipa
3563 4598 3610 4653 si
3640 4600 3756 4669 quis

2175 4679 2612 4748 nonpropbetet,
2667 4686 2759 4733 aut
2785 4693 2893 4733 non
2935 4678 3223 4748 ministret,
3276 4691 3371 4738 aut
3397 4696 3507 4739 non
3546 4688 3752 4755 doceat,

436 4767 445 4777 ’
482 4778 621 4847 gnat
646 4766 908 4838 cilicium,
963 4758 1018 4825 et
1052 4768 1142 4824 alii
1183 4780 1437 4842 tanquam
1483 4771 1667 4825 manui
1715 4770 2075 4825 ministerium
2178 4776 2270 4824 aut
2295 4782 2404 4823 non
2457 4768 2796 4834 exhortatur,
2827 4779 2922 4824 aut
2946 4785 3053 4824 non
3088 4771 3310 4839 tribuat,
3349 4782 3440 4828 aut
3466 4788 3575 4830 nm
3618 4790 3749 4847 pra-

484 4844 738 4928 ascribit,
771 4874 829 4917 et
859 4862 947 4918 alii
995 4871 1253 4934 tanquam
1306 4863 1505 4935 linguae
1532 4863 1835 4919 doctrinam
1862 4863 2070 4929 tribuit,

434 4954 441 4959 ’
484 4955 730 5012 similiter
750 4955 912 5010 etiam
926 4963 1137 5011 extera.
1168 4975 1187 5007 ι
1217 4954 1520 5009 Secundum
1544 4969 1854 5009 mensuram
1884 4972 1902 5004 ι
1930 4968 2059 5024 ergo

489 5064 508 5097 ‹
545 5046 665 5102 ﬁdei
713 5066 732 5099 ι
783 5028 1199 5117 uniuscuiusque
1226 5044 1566 5100 diversitates
1603 5043 1719 5098 dari
1749 5043 2063 5114 pronuntiat

458 5135 803 5205 .gratiarum,
834 5143 913 5200 ut,
943 5133 1093 5189 verbi
1120 5150 1305 5200 causa,
1338 5142 1559 5203 accepta
1590 5134 1716 5202 quis
1737 5132 1911 5203 gratia
1934 5131 2065 5186 illud

485 5216 571 5278 v’eI
603 5206 729 5278 illud
760 5224 1059 5283 membrum
1104 5225 1157 5279 in
1185 5224 1385 5280 Christi
1417 5238 1644 5294 corpore
1692 5223 1802 5277 ﬁat.
1838 5222 1919 5277 Ad
1959 5223 2064 5278 Cu—

485 5310 717 5369 rintliios
734 5327 863 5368 vero
888 5315 1129 5369 scribens
1150 5315 1227 5369 ait
1250 5333 1261 5366 :
1289 5312 1575 5385 Unicuique
1607 5314 2072 5368 autemdaturma-

2179 4860 2381 4924 sit-,aut
2406 4874 2510 4914 non
2535 4858 2882 4925 misereatur,
2902 4867 2995 4913 aut
3026 4875 3137 4916 non
3160 4860 3373 4934 diligat,
3401 4867 3527 4934 quia
3560 4868 3746 4922 totum

2173 4951 2414 5006 omnium
2439 4952 2672 5021 gratiam
2704 4964 2812 5005 non
2845 4951 3072 5021 accepit.
3098 4949 3208 5006 Sed
3232 4954 3303 5008 ad
3326 4955 3446 5010 haec
3468 4955 3707 5012 dicemus
3729 4978 3742 5010 :

2168 5042 2312 5099 sicut
2340 5052 2424 5098 est
2449 5043 2583 5098 ﬁdes
2602 5052 2774 5113 quam
2805 5043 3082 5098 docuimus
3121 5056 3242 5100 esse
3270 5045 3525 5111 innubis,
3554 5060 3611 5103 et
3633 5064 3745 5104 ινμ

2174 5149 2267 5190 sus
2293 5142 2376 5189 est
2406 5132 2540 5191 ﬁdes
2565 5150 2686 5202 quae
2704 5148 2811 5203 per
2835 5133 3067 5204 gratiam
3096 5137 3277 5195 datur.
3304 5137 3447 5191 sim
3470 5151 3632 5207 supra
3670 5141 3745 5195 di-

2174 5224 2355 5279 ximus
2396 5225 2653 5294 scriptum
2709 5239 2850 5291 esse,
2888 5226 2982 5281 alii
3020 5229 3151 5298 fides
3182 5229 3247 5281 in
3287 5228 3469 5282 eodem
3518 5227 3741 5297 Spiritu;

2179 5316 2255 5373 ita
2281 5318 2443 5372 etiam
2491 5316 2546 5370 in
2573 5330 2893 5387 unoquoque
2936 5319 3127 5374 horum
3164 5334 3286 5389 qua:
3322 5320 3742 5378 enumeravimus

432 5408 437 5417 '
489 5390 1007 5475 nifestatioHSpirt'tus
1037 5406 1104 5460 ad
1134 5406 1188 5459 id
1219 5406 1356 5479 quod
1386 5405 1587 5476 expedit
1620 5404 1670 5477 (1
1699 5401 1823 5458 Cor.
1847 5406 1983 5476 xu);
2012 5414 2069 5461 et
2172 5422 2204 5460 a
2222 5405 2332 5460 Deo
2352 5420 2450 5475 per
2466 5407 2705 5477 gratiam
2731 5408 3044 5473 dari,estet
3068 5410 3124 5463 in
3146 5409 3304 5464 nobis
3329 5408 3532 5478 aliquid
3561 5410 3623 5464 ad
3645 5423 3738 5465 cu-

488 5505 610 5567 post
637 5511 807 5566 pauca
842 5497 1027 5552 addit:
1063 5496 1252 5553 Omnia
1279 5507 1453 5554 autem
1498 5507 1747 5569 operatur
1796 5514 1933 5553 unus
1979 5509 2063 5552 at-

489 5602 585 5657 que
606 5585 745 5640 idem
771 5585 1020 5657 Spiritus,
1045 5584 1275 5642 dividens
1298 5588 1517 5659 singulis
1536 5597 1692 5658 prout
1712 5587 1818 5643 vult
1840 5587 2004 5661 (Ibid.
2020 5586 2061 5659 ).

430 5664 435 5739 ξ
495 5673 646 5731 Unde
684 5676 814 5732 mihi
852 5676 1080 5740 videtur,
1127 5684 1235 5731 tam
1263 5679 1328 5733 ad
1357 5677 1629 5735 Romanos
1657 5693 1818 5750 quam
1848 5678 1915 5733 ad
1960 5678 2064 5734 Co-

2164 5497 2255 5568 jus
2297 5498 2666 5566 unusquisque
2713 5511 3020 5554 mensuram
3072 5498 3159 5554 vel
3206 5500 3472 5554 rationem
3526 5500 3741 5570 gratiam

2166 5596 2522 5656 promeretur.
2574 5585 2758 5656 Neque
2809 5588 2954 5642 enim
3018 5590 3085 5645 de
3142 5589 3257 5645 sola
3302 5590 3566 5659 sapientia
3605 5591 3738 5643 acci-

2163 5679 2419 5751 piendum
2449 5685 2533 5733 est
2584 5676 2712 5732 illud
2749 5678 2891 5746 quod
2917 5680 3174 5749 scriptum
3228 5688 3355 5736 est:
3397 5680 3523 5749 quia
3556 5681 3644 5734 etsi
3671 5682 3735 5733 sit

3680 266 3857 323 ιδιε

3946 1876 3949 1917 l
