  <div class='ocr_page' id='page_1' title='image "/cluster/home/n/w/nwhite01/storage/ocr_20150623/111/hvd.32044009716333/785.png"; bbox 0 0 4000 6398; ppageno 0'>
   <div class='ocr_carea' id='block_1_1' title="bbox 465 271 607 338">
    <p class='ocr_par' dir='ltr' id='par_1_1' title="bbox 465 271 607 338">
     <span class='ocr_line' id='line_1_1' title="bbox 465 271 607 338; baseline -0.014 0"><span class='ocrx_word' id='word_1_1' title='bbox 465 271 607 338; x_wconf 75' lang='grc'><strong>1555</strong></span> 
     </span>
    </p>
   </div>
   <div class='ocr_carea' id='block_1_2' title="bbox 1096 264 3078 345">
    <p class='ocr_par' dir='ltr' id='par_1_2' title="bbox 1096 264 3078 345">
     <span class='ocr_line' id='line_1_2' title="bbox 1096 264 3078 345; baseline -0.005 -13"><span class='ocrx_word' id='word_1_2' title='bbox 1096 279 1154 332; x_wconf 87' lang='grc' dir='ltr'><strong><em>Β.</em></strong></span> <span class='ocrx_word' id='word_1_3' title='bbox 1198 275 1455 333; x_wconf 78' lang='lat' dir='ltr'><strong><em>RABANI</em></strong></span> <span class='ocrx_word' id='word_1_4' title='bbox 1487 274 1710 333; x_wconf 71' lang='lat' dir='ltr'><strong>MAURI</strong></span> <span class='ocrx_word' id='word_1_5' title='bbox 1744 272 2071 343; x_wconf 65' lang='lat' dir='ltr'><strong><em>ARCHIEP.</em></strong></span> <span class='ocrx_word' id='word_1_6' title='bbox 2109 268 2739 345; x_wconf 52' lang='lat' dir='ltr'><strong><em>MOGUNTKpPERUM</em></strong></span> <span class='ocrx_word' id='word_1_7' title='bbox 2773 267 2954 327; x_wconf 80' lang='lat' dir='ltr'><strong>PARS</strong></span> <span class='ocrx_word' id='word_1_8' title='bbox 2990 264 3078 327; x_wconf 85' lang='lat' dir='ltr'><strong><em>IIl.</em></strong></span> 
     </span>
    </p>
   </div>
   <div class='ocr_carea' id='block_1_3' title="bbox 3629 265 3763 321">
    <p class='ocr_par' dir='ltr' id='par_1_3' title="bbox 3629 265 3763 321">
     <span class='ocr_line' id='line_1_3' title="bbox 3629 265 3763 321; baseline 0.007 -1"><span class='ocrx_word' id='word_1_9' title='bbox 3629 265 3763 321; x_wconf 75' lang='grc'><strong>1556</strong></span> 
     </span>
    </p>
   </div>
   <div class='ocr_carea' id='block_1_4' title="bbox 448 375 3768 461">
    <p class='ocr_par' dir='ltr' id='par_1_4' title="bbox 448 375 3768 461">
     <span class='ocr_line' id='line_1_4' title="bbox 448 375 3768 461; baseline -0.006 -10"><span class='ocrx_word' id='word_1_10' title='bbox 448 397 622 460; x_wconf 86' lang='lat' dir='ltr'><strong><em>derat,</em></strong></span> <span class='ocrx_word' id='word_1_11' title='bbox 645 401 700 450; x_wconf 89' lang='lat' dir='ltr'><strong><em>et</em></strong></span> <span class='ocrx_word' id='word_1_12' title='bbox 721 399 972 449; x_wconf 88' lang='lat' dir='ltr'><strong><em>sanctum</em></strong></span> <span class='ocrx_word' id='word_1_13' title='bbox 987 390 1314 449; x_wconf 84' lang='lat' dir='ltr'><strong><em>desiderium</em></strong></span> <span class='ocrx_word' id='word_1_14' title='bbox 1333 389 1697 461; x_wconf 84' lang='lat' dir='ltr'><strong><em>lacrymarum</em></strong></span> <span class='ocrx_word' id='word_1_15' title='bbox 1716 384 2029 457; x_wconf 81' lang='lat' dir='ltr'><strong><em>profusione</em></strong></span> <span class='ocrx_word' id='word_1_16' title='bbox 2054 381 2241 445; x_wconf 79' lang='lat' dir='ltr'><strong><em>Alllis</em></strong></span> <span class='ocrx_word' id='word_1_17' title='bbox 2286 382 2572 438; x_wconf 87' lang='lat' dir='ltr'><strong><em>dicendum</em></strong></span> <span class='ocrx_word' id='word_1_18' title='bbox 2621 388 2729 447; x_wconf 89' lang='lat' dir='ltr'><strong><em>est,</em></strong></span> <span class='ocrx_word' id='word_1_19' title='bbox 2778 376 3061 450; x_wconf 85' lang='lat' dir='ltr'><strong><em>quianisi</em></strong></span> <span class='ocrx_word' id='word_1_20' title='bbox 3116 375 3373 433; x_wconf 73' lang='lat' dir='ltr'><strong><em>mehsres</em></strong></span> <span class='ocrx_word' id='word_1_21' title='bbox 3419 390 3494 431; x_wconf 78' lang='lat' dir='ltr'><strong><em>se</em></strong></span> <span class='ocrx_word' id='word_1_22' title='bbox 3545 376 3768 431; x_wconf 68' lang='lat' dir='ltr'><strong><em>caeteris</em></strong></span> 
     </span>
    </p>
   </div>
   <div class='ocr_carea' id='block_1_5' title="bbox 445 484 2035 559">
    <p class='ocr_par' dir='ltr' id='par_1_5' title="bbox 445 484 2035 559">
     <span class='ocr_line' id='line_1_5' title="bbox 445 484 2035 559; baseline -0.008 -16"><span class='ocrx_word' id='word_1_23' title='bbox 445 490 611 555; x_wconf 87' lang='lat' dir='ltr'><strong><em>lavat,</em></strong></span> <span class='ocrx_word' id='word_1_24' title='bbox 630 487 921 559; x_wconf 79' lang='lat' dir='ltr'><strong><em>iungamus</em></strong></span> <span class='ocrx_word' id='word_1_25' title='bbox 947 502 1071 543; x_wconf 90' lang='lat' dir='ltr'><strong><em>cum</em></strong></span> <span class='ocrx_word' id='word_1_26' title='bbox 1098 484 1296 540; x_wconf 86' lang='lat' dir='ltr'><strong><em>talibus</em></strong></span> <span class='ocrx_word' id='word_1_27' title='bbox 1322 484 1595 555; x_wconf 85' lang='lat' dir='ltr'><strong><em>iacrymas</em></strong></span> <span class='ocrx_word' id='word_1_28' title='bbox 1629 488 1843 535; x_wconf 85' lang='lat' dir='ltr'><strong><em>nostras</em></strong></span> <span class='ocrx_word' id='word_1_29' title='bbox 1857 486 1911 533; x_wconf 90' lang='lat' dir='ltr'><strong><em>et</em></strong></span> <span class='ocrx_word' id='word_1_30' title='bbox 1936 491 2035 549; x_wconf 78' lang='lat' dir='ltr'><strong><em>ge-</em></strong></span> 
     </span>
    </p>
   </div>
   <div class='ocr_carea' id='block_1_6' title="bbox 446 570 2031 646">
    <p class='ocr_par' dir='ltr' id='par_1_6' title="bbox 446 570 2031 646">
     <span class='ocr_line' id='line_1_6' title="bbox 446 570 2031 646; baseline -0.008 -10"><span class='ocrx_word' id='word_1_31' title='bbox 446 581 614 637; x_wconf 89' lang='lat' dir='ltr'><strong><em>mitus</em></strong></span> <span class='ocrx_word' id='word_1_32' title='bbox 627 570 914 645; x_wconf 75' lang='lat' dir='ltr'><strong><em>soeiemus,</em></strong></span> <span class='ocrx_word' id='word_1_33' title='bbox 930 594 1055 635; x_wconf 87' lang='lat' dir='ltr'><strong><em>nam</em></strong></span> <span class='ocrx_word' id='word_1_34' title='bbox 1073 577 1291 632; x_wconf 73' lang='lat' dir='ltr'><strong><em>tristitia</em></strong></span> <span class='ocrx_word' id='word_1_35' title='bbox 1304 591 1422 646; x_wconf 76' lang='lat' dir='ltr'><strong><em>qua:</em></strong></span> <span class='ocrx_word' id='word_1_36' title='bbox 1436 574 1718 629; x_wconf 84' lang='lat' dir='ltr'><strong><em>secundum</em></strong></span> <span class='ocrx_word' id='word_1_37' title='bbox 1744 572 1911 626; x_wconf 88' lang='lat' dir='ltr'><strong><em>Deum</em></strong></span> <span class='ocrx_word' id='word_1_38' title='bbox 1934 578 2031 637; x_wconf 86' lang='lat' dir='ltr'><strong><em>est,</em></strong></span> 
     </span>
    </p>
   </div>
   <div class='ocr_carea' id='block_1_7' title="bbox 446 660 2029 743">
    <p class='ocr_par' dir='ltr' id='par_1_7' title="bbox 446 660 2029 743">
     <span class='ocr_line' id='line_1_7' title="bbox 446 660 2029 743; baseline -0.009 -14"><span class='ocrx_word' id='word_1_39' title='bbox 446 674 667 730; x_wconf 87' lang='lat' dir='ltr'><strong><em>salutem</em></strong></span> <span class='ocrx_word' id='word_1_40' title='bbox 680 671 918 728; x_wconf 72' lang='lat' dir='ltr'><strong><em>stabilem</em></strong></span> <span class='ocrx_word' id='word_1_41' title='bbox 932 687 1026 743; x_wconf 87' lang='lat' dir='ltr'><strong><em>per</em></strong></span> <span class='ocrx_word' id='word_1_42' title='bbox 1036 668 1393 742; x_wconf 65' lang='lat' dir='ltr'><strong><em>penitentiam</em></strong></span> <span class='ocrx_word' id='word_1_43' title='bbox 1416 674 1662 737; x_wconf 86' lang='lat' dir='ltr'><strong><em>operatur</em></strong></span> <span class='ocrx_word' id='word_1_44' title='bbox 1680 661 1767 735; x_wconf 87' lang='grc' dir='ltr'><strong><em>(ΙΙ</em></strong></span> <span class='ocrx_word' id='word_1_45' title='bbox 1792 661 1897 717; x_wconf 90' lang='lat' dir='ltr'><strong><em>Cor</em></strong></span> <span class='ocrx_word' id='word_1_46' title='bbox 1912 660 2029 731; x_wconf 76' lang='lat' dir='ltr'><strong><em>vn).</em></strong></span> 
     </span>
    </p>
   </div>
   <div class='ocr_carea' id='block_1_8' title="bbox 519 762 2035 841">
    <p class='ocr_par' dir='ltr' id='par_1_8' title="bbox 519 762 2035 841">
     <span class='ocr_line' id='line_1_8' title="bbox 519 762 2035 841; baseline -0.009 -17"><span class='ocrx_word' id='word_1_47' title='bbox 519 768 758 841; x_wconf 79' lang='lat' dir='ltr'><strong><em>Idlpsum</em></strong></span> <span class='ocrx_word' id='word_1_48' title='bbox 811 769 1032 824; x_wconf 63' lang='lat' dir='ltr'><strong><em>invicem</em></strong></span> <span class='ocrx_word' id='word_1_49' title='bbox 1082 766 1379 823; x_wconf 75' lang='lat' dir='ltr'><strong><em>sentientes.</em></strong></span> <span class='ocrx_word' id='word_1_50' title='bbox 1433 762 1625 819; x_wconf 83' lang='lat' dir='ltr'><strong><em>Sermo</em></strong></span> <span class='ocrx_word' id='word_1_51' title='bbox 1678 762 1780 816; x_wconf 88' lang='lat' dir='ltr'><strong><em>iste</em></strong></span> <span class='ocrx_word' id='word_1_52' title='bbox 1801 774 1908 815; x_wconf 91' lang='lat' dir='ltr'><strong><em>non</em></strong></span> <span class='ocrx_word' id='word_1_53' title='bbox 1939 772 2035 812; x_wconf 89' lang='lat' dir='ltr'><strong><em>na-</em></strong></span> 
     </span>
    </p>
   </div>
   <div class='ocr_carea' id='block_1_9' title="bbox 447 848 2030 926">
    <p class='ocr_par' dir='ltr' id='par_1_9' title="bbox 447 848 2030 926">
     <span class='ocr_line' id='line_1_9' title="bbox 447 848 2030 926; baseline -0.007 -14"><span class='ocrx_word' id='word_1_54' title='bbox 447 868 569 921; x_wconf 86' lang='lat' dir='ltr'><strong><em>tura</em></strong></span> <span class='ocrx_word' id='word_1_55' title='bbox 618 859 729 926; x_wconf 87' lang='lat' dir='ltr'><strong><em>sui,</em></strong></span> <span class='ocrx_word' id='word_1_56' title='bbox 765 858 861 913; x_wconf 89' lang='lat' dir='ltr'><strong><em>sed</em></strong></span> <span class='ocrx_word' id='word_1_57' title='bbox 916 855 1359 926; x_wconf 76' lang='lat' dir='ltr'><strong><em>interpretatione</em></strong></span> <span class='ocrx_word' id='word_1_58' title='bbox 1402 851 1686 907; x_wconf 88' lang='lat' dir='ltr'><strong><em>obscurior</em></strong></span> <span class='ocrx_word' id='word_1_59' title='bbox 1707 848 1883 904; x_wconf 89' lang='lat' dir='ltr'><strong><em>factus</em></strong></span> <span class='ocrx_word' id='word_1_60' title='bbox 1907 856 2030 903; x_wconf 89' lang='lat' dir='ltr'><strong><em>est:</em></strong></span> 
     </span>
    </p>
   </div>
   <div class='ocr_carea' id='block_1_10' title="bbox 449 939 2037 1018">
    <p class='ocr_par' dir='ltr' id='par_1_10' title="bbox 449 939 2037 1018">
     <span class='ocr_line' id='line_1_10' title="bbox 449 939 2037 1018; baseline -0.008 -11"><span class='ocrx_word' id='word_1_61' title='bbox 449 950 554 1007; x_wconf 89' lang='lat' dir='ltr'><strong><em>hoc</em></strong></span> <span class='ocrx_word' id='word_1_62' title='bbox 595 958 681 1006; x_wconf 87' lang='lat' dir='ltr'><strong><em>est</em></strong></span> <span class='ocrx_word' id='word_1_63' title='bbox 716 949 861 1005; x_wconf 90' lang='lat' dir='ltr'><strong><em>enim</em></strong></span> <span class='ocrx_word' id='word_1_64' title='bbox 891 948 1036 1018; x_wconf 91' lang='lat' dir='ltr'><strong><em>quod</em></strong></span> <span class='ocrx_word' id='word_1_65' title='bbox 1070 947 1235 1011; x_wconf 87' lang='lat' dir='ltr'><strong><em>dicit,</em></strong></span> <span class='ocrx_word' id='word_1_66' title='bbox 1276 951 1335 1000; x_wconf 91' lang='lat' dir='ltr'><strong><em>ut</em></strong></span> <span class='ocrx_word' id='word_1_67' title='bbox 1378 943 1453 999; x_wconf 90' lang='lat' dir='ltr'><strong><em>ita</em></strong></span> <span class='ocrx_word' id='word_1_68' title='bbox 1504 943 1570 998; x_wconf 90' lang='lat' dir='ltr'><strong><em>de</em></strong></span> <span class='ocrx_word' id='word_1_69' title='bbox 1617 942 1786 995; x_wconf 82' lang='lat' dir='ltr'><strong><em>fratre</em></strong></span> <span class='ocrx_word' id='word_1_70' title='bbox 1838 939 2037 997; x_wconf 88' lang='lat' dir='ltr'><strong><em>sentia-</em></strong></span> 
     </span>
    </p>
   </div>
   <div class='ocr_carea' id='block_1_11' title="bbox 448 1032 2070 1109">
    <p class='ocr_par' dir='ltr' id='par_1_11' title="bbox 448 1032 2070 1109">
     <span class='ocr_line' id='line_1_11' title="bbox 448 1032 2070 1109; baseline -0.005 -13"><span class='ocrx_word' id='word_1_71' title='bbox 448 1057 604 1107; x_wconf 87' lang='lat' dir='ltr'><strong>mus,</strong></span> <span class='ocrx_word' id='word_1_72' title='bbox 654 1049 717 1096; x_wconf 81' lang='grc' dir='ltr'><strong><em>ιιι</em></strong></span> <span class='ocrx_word' id='word_1_73' title='bbox 764 1040 831 1095; x_wconf 90' lang='lat' dir='ltr'><strong><em>de</em></strong></span> <span class='ocrx_word' id='word_1_74' title='bbox 883 1039 1040 1094; x_wconf 89' lang='lat' dir='ltr'><strong><em>nobis</em></strong></span> <span class='ocrx_word' id='word_1_75' title='bbox 1078 1038 1231 1109; x_wconf 85' lang='lat' dir='ltr'><strong><em>ipsis,</em></strong></span> <span class='ocrx_word' id='word_1_76' title='bbox 1280 1043 1335 1091; x_wconf 91' lang='lat' dir='ltr'><strong><em>et</em></strong></span> <span class='ocrx_word' id='word_1_77' title='bbox 1385 1037 1459 1089; x_wconf 89' lang='lat' dir='ltr'><strong><em>ita</em></strong></span> <span class='ocrx_word' id='word_1_78' title='bbox 1507 1034 1756 1104; x_wconf 76' lang='lat' dir='ltr'><strong><em>proximo</em></strong></span> <span class='ocrx_word' id='word_1_79' title='bbox 1806 1032 2070 1088; x_wconf 86' lang='lat' dir='ltr'><strong><em>velimus</em></strong></span> 
     </span>
    </p>
   </div>
   <div class='ocr_carea' id='block_1_12' title="bbox 450 1130 2036 1201">
    <p class='ocr_par' dir='ltr' id='par_1_12' title="bbox 450 1130 2036 1201">
     <span class='ocr_line' id='line_1_12' title="bbox 450 1130 2036 1201; baseline -0.003 -10"><span class='ocrx_word' id='word_1_80' title='bbox 450 1137 592 1192; x_wconf 86' lang='lat' dir='ltr'><strong><em>sicut</em></strong></span> <span class='ocrx_word' id='word_1_81' title='bbox 613 1142 670 1192; x_wconf 90' lang='lat' dir='ltr'><strong><em>et</em></strong></span> <span class='ocrx_word' id='word_1_82' title='bbox 695 1135 853 1191; x_wconf 88' lang='lat' dir='ltr'><strong><em>nobis</em></strong></span> <span class='ocrx_word' id='word_1_83' title='bbox 871 1134 1135 1196; x_wconf 91' lang='lat' dir='ltr'><strong><em>volumus,</em></strong></span> <span class='ocrx_word' id='word_1_84' title='bbox 1181 1140 1241 1191; x_wconf 85' lang='lat' dir='ltr'><strong><em>ut</em></strong></span> <span class='ocrx_word' id='word_1_85' title='bbox 1270 1140 1324 1187; x_wconf 88' lang='lat' dir='ltr'><strong><em>et</em></strong></span> <span class='ocrx_word' id='word_1_86' title='bbox 1360 1130 1620 1186; x_wconf 87' lang='lat' dir='ltr'><strong>Dominus</strong></span> <span class='ocrx_word' id='word_1_87' title='bbox 1646 1131 1698 1185; x_wconf 91' lang='lat' dir='ltr'><strong><em>in</em></strong></span> <span class='ocrx_word' id='word_1_88' title='bbox 1742 1130 2036 1201; x_wconf 84' lang='lat' dir='ltr'><strong><em>Evangelio</em></strong></span> 
     </span>
    </p>
   </div>
   <div class='ocr_carea' id='block_1_13' title="bbox 451 1224 2037 1298">
    <p class='ocr_par' dir='ltr' id='par_1_13' title="bbox 451 1224 2037 1298">
     <span class='ocr_line' id='line_1_13' title="bbox 451 1224 2037 1298; baseline -0.006 -12"><span class='ocrx_word' id='word_1_89' title='bbox 451 1231 584 1286; x_wconf 85' lang='lat' dir='ltr'><strong><em>dicit</em></strong></span> <span class='ocrx_word' id='word_1_90' title='bbox 614 1249 628 1286; x_wconf 90' lang='lat'><strong>:</strong></span> <span class='ocrx_word' id='word_1_91' title='bbox 654 1230 787 1298; x_wconf 69' lang='lat' dir='ltr'><strong><em>Qua:</em></strong></span> <span class='ocrx_word' id='word_1_92' title='bbox 826 1228 981 1284; x_wconf 80' lang='lat' dir='ltr'><strong><em>vultis</em></strong></span> <span class='ocrx_word' id='word_1_93' title='bbox 1010 1237 1069 1281; x_wconf 90' lang='lat' dir='ltr'><strong><em>ut</em></strong></span> <span class='ocrx_word' id='word_1_94' title='bbox 1096 1226 1299 1297; x_wconf 81' lang='lat' dir='ltr'><strong><em>faciant</em></strong></span> <span class='ocrx_word' id='word_1_95' title='bbox 1325 1226 1471 1281; x_wconf 87' lang='lat' dir='ltr'><strong><em>vobis</em></strong></span> <span class='ocrx_word' id='word_1_96' title='bbox 1497 1226 1754 1289; x_wconf 82' lang='lat' dir='ltr'><strong>homines,</strong></span> <span class='ocrx_word' id='word_1_97' title='bbox 1785 1224 1965 1278; x_wconf 87' lang='lat' dir='ltr'><strong><em>eadem</em></strong></span> <span class='ocrx_word' id='word_1_98' title='bbox 1988 1230 2037 1277; x_wconf 88' lang='lat' dir='ltr'><strong><em>et</em></strong></span> 
     </span>
    </p>
   </div>
   <div class='ocr_carea' id='block_1_14' title="bbox 451 1318 1245 1392">
    <p class='ocr_par' dir='ltr' id='par_1_14' title="bbox 451 1318 1245 1392">
     <span class='ocr_line' id='line_1_14' title="bbox 451 1318 1245 1392; baseline -0.006 -17"><span class='ocrx_word' id='word_1_99' title='bbox 451 1338 538 1376; x_wconf 85' lang='lat' dir='ltr'><strong><em>vos</em></strong></span> <span class='ocrx_word' id='word_1_100' title='bbox 567 1320 722 1392; x_wconf 88' lang='lat' dir='ltr'><strong><em>facite</em></strong></span> <span class='ocrx_word' id='word_1_101' title='bbox 742 1319 849 1374; x_wconf 87' lang='lat' dir='ltr'><strong><em>illis</em></strong></span> <span class='ocrx_word' id='word_1_102' title='bbox 873 1318 1090 1390; x_wconf 77' lang='lat' dir='ltr'><strong><em>(Matth.</em></strong></span> <span class='ocrx_word' id='word_1_103' title='bbox 1127 1319 1245 1388; x_wconf 82' lang='lat' dir='ltr'><strong><em>vn).</em></strong></span> 
     </span>
    </p>
   </div>
   <div class='ocr_carea' id='block_1_15' title="bbox 524 1402 2036 1480">
    <p class='ocr_par' dir='ltr' id='par_1_15' title="bbox 524 1402 2036 1480">
     <span class='ocr_line' id='line_1_15' title="bbox 524 1402 2036 1480; baseline -0.005 -15"><span class='ocrx_word' id='word_1_104' title='bbox 524 1409 651 1465; x_wconf 89' lang='lat' dir='ltr'><strong><em>Non</em></strong></span> <span class='ocrx_word' id='word_1_105' title='bbox 687 1410 799 1466; x_wconf 89' lang='lat' dir='ltr'><strong><em>alta</em></strong></span> <span class='ocrx_word' id='word_1_106' title='bbox 841 1410 1120 1480; x_wconf 79' lang='lat' dir='ltr'><strong><em>sapientes.</em></strong></span> <span class='ocrx_word' id='word_1_107' title='bbox 1148 1406 1384 1479; x_wconf 80' lang='lat' dir='ltr'><strong><em>(Ambr.)</em></strong></span> <span class='ocrx_word' id='word_1_108' title='bbox 1414 1405 1536 1461; x_wconf 85' lang='lat' dir='ltr'><strong><em>Alta</em></strong></span> <span class='ocrx_word' id='word_1_109' title='bbox 1562 1418 1754 1476; x_wconf 80' lang='lat' dir='ltr'><strong><em>sapere</em></strong></span> <span class='ocrx_word' id='word_1_110' title='bbox 1788 1402 2036 1474; x_wconf 82' lang='lat' dir='ltr'><strong><em>superbia</em></strong></span> 
     </span>
    </p>
   </div>
   <div class='ocr_carea' id='block_1_16' title="bbox 450 1494 2040 1571">
    <p class='ocr_par' dir='ltr' id='par_1_16' title="bbox 450 1494 2040 1571">
     <span class='ocr_line' id='line_1_16' title="bbox 450 1494 2040 1571; baseline -0.006 -12"><span class='ocrx_word' id='word_1_111' title='bbox 450 1511 555 1569; x_wconf 89' lang='lat' dir='ltr'><strong><em>est,</em></strong></span> <span class='ocrx_word' id='word_1_112' title='bbox 576 1504 708 1559; x_wconf 83' lang='lat' dir='ltr'><strong><em>ham</em></strong></span> <span class='ocrx_word' id='word_1_113' title='bbox 734 1513 790 1559; x_wconf 89' lang='lat' dir='ltr'><strong><em>et</em></strong></span> <span class='ocrx_word' id='word_1_114' title='bbox 813 1502 1057 1559; x_wconf 87' lang='lat' dir='ltr'><strong><em>diabolus</em></strong></span> <span class='ocrx_word' id='word_1_115' title='bbox 1084 1516 1207 1557; x_wconf 91' lang='lat' dir='ltr'><strong><em>cum</em></strong></span> <span class='ocrx_word' id='word_1_116' title='bbox 1243 1500 1351 1555; x_wconf 84' lang='lat' dir='ltr'><strong><em>alta</em></strong></span> <span class='ocrx_word' id='word_1_117' title='bbox 1378 1500 1555 1570; x_wconf 87' lang='lat' dir='ltr'><strong><em>sapuit</em></strong></span> <span class='ocrx_word' id='word_1_118' title='bbox 1597 1498 1935 1571; x_wconf 86' lang='lat' dir='ltr'><strong><em>apostatavit.</em></strong></span> <span class='ocrx_word' id='word_1_119' title='bbox 1963 1494 2040 1550; x_wconf 87' lang='lat' dir='ltr'><strong><em>Ne</em></strong></span> 
     </span>
    </p>
   </div>
   <div class='ocr_carea' id='block_1_17' title="bbox 453 1590 2038 1670">
    <p class='ocr_par' dir='ltr' id='par_1_17' title="bbox 453 1590 2038 1670">
     <span class='ocr_line' id='line_1_17' title="bbox 453 1590 2038 1670; baseline -0.006 -18"><span class='ocrx_word' id='word_1_120' title='bbox 453 1596 620 1653; x_wconf 84' lang='lat' dir='ltr'><strong><em>elatio</em></strong></span> <span class='ocrx_word' id='word_1_121' title='bbox 662 1596 734 1652; x_wconf 91' lang='lat' dir='ltr'><strong><em>sit</em></strong></span> <span class='ocrx_word' id='word_1_122' title='bbox 774 1597 829 1651; x_wconf 93' lang='lat' dir='ltr'><strong><em>in</em></strong></span> <span class='ocrx_word' id='word_1_123' title='bbox 860 1597 1063 1662; x_wconf 85' lang='lat' dir='ltr'><strong><em>animo,</em></strong></span> <span class='ocrx_word' id='word_1_124' title='bbox 1089 1602 1144 1651; x_wconf 90' lang='lat' dir='ltr'><strong><em>et</em></strong></span> <span class='ocrx_word' id='word_1_125' title='bbox 1167 1610 1504 1666; x_wconf 79' lang='lat' dir='ltr'><strong><em>praesumens</em></strong></span> <span class='ocrx_word' id='word_1_126' title='bbox 1534 1593 1675 1649; x_wconf 90' lang='lat' dir='ltr'><strong><em>forte</em></strong></span> <span class='ocrx_word' id='word_1_127' title='bbox 1722 1592 1791 1647; x_wconf 89' lang='lat' dir='ltr'><strong><em>de</em></strong></span> <span class='ocrx_word' id='word_1_128' title='bbox 1828 1590 2038 1670; x_wconf 48' lang='lat' dir='ltr'><strong><em>incolug</em></strong></span> 
     </span>
    </p>
   </div>
   <div class='ocr_carea' id='block_1_18' title="bbox 450 1681 2041 1754">
    <p class='ocr_par' dir='ltr' id='par_1_18' title="bbox 450 1681 2041 1754">
     <span class='ocr_line' id='line_1_18' title="bbox 450 1681 2041 1754; baseline -0.006 -10"><span class='ocrx_word' id='word_1_129' title='bbox 450 1687 644 1744; x_wconf 87' lang='lat' dir='ltr'><strong><em>mitate</em></strong></span> <span class='ocrx_word' id='word_1_130' title='bbox 666 1694 821 1744; x_wconf 88' lang='lat' dir='ltr'><strong><em>actus</em></strong></span> <span class='ocrx_word' id='word_1_131' title='bbox 845 1687 952 1754; x_wconf 90' lang='lat' dir='ltr'><strong><em>sui,</em></strong></span> <span class='ocrx_word' id='word_1_132' title='bbox 974 1702 1084 1742; x_wconf 90' lang='lat' dir='ltr'><strong><em>non</em></strong></span> <span class='ocrx_word' id='word_1_133' title='bbox 1113 1685 1396 1742; x_wconf 88' lang='lat' dir='ltr'><strong><em>condoleat</em></strong></span> <span class='ocrx_word' id='word_1_134' title='bbox 1424 1684 1601 1752; x_wconf 82' lang='lat' dir='ltr'><strong><em>fratri,</em></strong></span> <span class='ocrx_word' id='word_1_135' title='bbox 1633 1683 1726 1738; x_wconf 88' lang='lat' dir='ltr'><strong><em>sed</em></strong></span> <span class='ocrx_word' id='word_1_136' title='bbox 1751 1681 2041 1753; x_wconf 82' lang='lat' dir='ltr'><strong><em>exprobret</em></strong></span> 
     </span>
    </p>
   </div>
   <div class='ocr_carea' id='block_1_19' title="bbox 453 1775 2043 1851">
    <p class='ocr_par' dir='ltr' id='par_1_19' title="bbox 453 1775 2043 1851">
     <span class='ocr_line' id='line_1_19' title="bbox 453 1775 2043 1851; baseline -0.006 -15"><span class='ocrx_word' id='word_1_137' title='bbox 453 1778 610 1851; x_wconf 86' lang='lat' dir='ltr'><strong><em>quasi</em></strong></span> <span class='ocrx_word' id='word_1_138' title='bbox 675 1777 972 1849; x_wconf 87' lang='lat' dir='ltr'><strong><em>peccatori,</em></strong></span> <span class='ocrx_word' id='word_1_139' title='bbox 1030 1776 1147 1832; x_wconf 86' lang='lat' dir='ltr'><strong><em>haec</em></strong></span> <span class='ocrx_word' id='word_1_140' title='bbox 1196 1775 1448 1845; x_wconf 84' lang='lat' dir='ltr'><strong><em>superbia</em></strong></span> <span class='ocrx_word' id='word_1_141' title='bbox 1493 1781 1596 1838; x_wconf 90' lang='lat' dir='ltr'><strong><em>est,</em></strong></span> <span class='ocrx_word' id='word_1_142' title='bbox 1647 1788 1768 1845; x_wconf 72' lang='lat' dir='ltr'><strong><em>qua:</em></strong></span> <span class='ocrx_word' id='word_1_143' title='bbox 1816 1787 1938 1827; x_wconf 90' lang='lat' dir='ltr'><strong><em>cum</em></strong></span> <span class='ocrx_word' id='word_1_144' title='bbox 1984 1786 2043 1826; x_wconf 91' lang='lat' dir='ltr'><strong><em>se</em></strong></span> 
     </span>
    </p>
   </div>
   <div class='ocr_carea' id='block_1_20' title="bbox 451 1864 2059 1943">
    <p class='ocr_par' dir='ltr' id='par_1_20' title="bbox 451 1864 2059 1943">
     <span class='ocr_line' id='line_1_20' title="bbox 451 1864 2059 1943; baseline -0.006 -15"><span class='ocrx_word' id='word_1_145' title='bbox 451 1871 739 1943; x_wconf 58' lang='lat' dir='ltr'><strong><em>praeponit,</em></strong></span> <span class='ocrx_word' id='word_1_146' title='bbox 764 1868 1005 1934; x_wconf 76' lang='lat' dir='ltr'><strong><em>offendit,</em></strong></span> <span class='ocrx_word' id='word_1_147' title='bbox 1037 1867 1182 1938; x_wconf 85' lang='lat' dir='ltr'><strong><em>quod</em></strong></span> <span class='ocrx_word' id='word_1_148' title='bbox 1217 1874 1271 1920; x_wconf 89' lang='lat' dir='ltr'><strong><em>et</em></strong></span> <span class='ocrx_word' id='word_1_149' title='bbox 1294 1866 1556 1921; x_wconf 90' lang='lat' dir='ltr'><strong><em>Dominus</em></strong></span> <span class='ocrx_word' id='word_1_150' title='bbox 1577 1867 1798 1920; x_wconf 88' lang='lat' dir='ltr'><strong><em>denotat</em></strong></span> <span class='ocrx_word' id='word_1_151' title='bbox 1818 1864 2005 1920; x_wconf 92' lang='lat' dir='ltr'><strong><em>dicens</em></strong></span> <span class='ocrx_word' id='word_1_152' title='bbox 2031 1864 2059 1918; x_wconf 72' lang='grc' dir='ltr'><strong><em>τ’</em></strong></span> 
     </span>
    </p>
   </div>
   <div class='ocr_carea' id='block_1_21' title="bbox 455 1958 2049 2034">
    <p class='ocr_par' dir='ltr' id='par_1_21' title="bbox 455 1958 2049 2034">
     <span class='ocr_line' id='line_1_21' title="bbox 455 1958 2049 2034; baseline -0.003 -16"><span class='ocrx_word' id='word_1_153' title='bbox 455 1962 609 2034; x_wconf 87' lang='lat' dir='ltr'><strong><em>Ejice</em></strong></span> <span class='ocrx_word' id='word_1_154' title='bbox 630 1962 829 2017; x_wconf 86' lang='lat' dir='ltr'><strong><em>trabem</em></strong></span> <span class='ocrx_word' id='word_1_155' title='bbox 852 1962 1001 2031; x_wconf 86' lang='lat' dir='ltr'><strong><em>prius</em></strong></span> <span class='ocrx_word' id='word_1_156' title='bbox 1025 1961 1089 2015; x_wconf 88' lang='lat' dir='ltr'><strong><em>de</em></strong></span> <span class='ocrx_word' id='word_1_157' title='bbox 1113 1960 1263 2014; x_wconf 86' lang='lat' dir='ltr'><strong><em>oculo</em></strong></span> <span class='ocrx_word' id='word_1_158' title='bbox 1284 1968 1393 2025; x_wconf 86' lang='lat' dir='ltr'><strong><em>tuo,</em></strong></span> <span class='ocrx_word' id='word_1_159' title='bbox 1418 1969 1467 2014; x_wconf 89' lang='lat' dir='ltr'><strong><em>et</em></strong></span> <span class='ocrx_word' id='word_1_160' title='bbox 1490 1970 1614 2014; x_wconf 85' lang='lat' dir='ltr'><strong><em>tunc</em></strong></span> <span class='ocrx_word' id='word_1_161' title='bbox 1641 1958 1834 2013; x_wconf 80' lang='lat' dir='ltr'><strong><em>videbis</em></strong></span> <span class='ocrx_word' id='word_1_162' title='bbox 1862 1959 2049 2028; x_wconf 84' lang='lat' dir='ltr'><strong><em>ejicere</em></strong></span> 
     </span>
    </p>
   </div>
   <div class='ocr_carea' id='block_1_22' title="bbox 458 2052 2049 2125">
    <p class='ocr_par' dir='ltr' id='par_1_22' title="bbox 458 2052 2049 2125">
     <span class='ocr_line' id='line_1_22' title="bbox 458 2052 2049 2125; baseline 0 -17"><span class='ocrx_word' id='word_1_163' title='bbox 458 2056 712 2124; x_wconf 78' lang='lat' dir='ltr'><strong><em>festucam</em></strong></span> <span class='ocrx_word' id='word_1_164' title='bbox 737 2054 800 2108; x_wconf 87' lang='lat' dir='ltr'><strong><em>de</em></strong></span> <span class='ocrx_word' id='word_1_165' title='bbox 823 2053 975 2108; x_wconf 88' lang='lat' dir='ltr'><strong><em>oculo</em></strong></span> <span class='ocrx_word' id='word_1_166' title='bbox 1005 2053 1190 2124; x_wconf 79' lang='lat' dir='ltr'><strong><em>fratris</em></strong></span> <span class='ocrx_word' id='word_1_167' title='bbox 1220 2054 1297 2107; x_wconf 88' lang='lat' dir='ltr'><strong><em>tui</em></strong></span> <span class='ocrx_word' id='word_1_168' title='bbox 1326 2052 1542 2124; x_wconf 83' lang='lat' dir='ltr'><strong><em>(Matth.</em></strong></span> <span class='ocrx_word' id='word_1_169' title='bbox 1582 2052 1698 2122; x_wconf 87' lang='lat' dir='ltr'><strong><em>vn).</em></strong></span> <span class='ocrx_word' id='word_1_170' title='bbox 1751 2053 1873 2125; x_wconf 88' lang='lat' dir='ltr'><strong><em>ipsa</em></strong></span> <span class='ocrx_word' id='word_1_171' title='bbox 1904 2053 2049 2109; x_wconf 87' lang='lat' dir='ltr'><strong><em>enim</em></strong></span> 
     </span>
    </p>
   </div>
   <div class='ocr_carea' id='block_1_23' title="bbox 456 2143 2051 2216">
    <p class='ocr_par' dir='ltr' id='par_1_23' title="bbox 456 2143 2051 2216">
     <span class='ocr_line' id='line_1_23' title="bbox 456 2143 2051 2216; baseline -0.001 -15"><span class='ocrx_word' id='word_1_172' title='bbox 456 2145 621 2202; x_wconf 89' lang='lat' dir='ltr'><strong><em>elatio</em></strong></span> <span class='ocrx_word' id='word_1_173' title='bbox 645 2154 930 2216; x_wconf 91' lang='lat' dir='ltr'><strong><em>peccatum</em></strong></span> <span class='ocrx_word' id='word_1_174' title='bbox 958 2151 1061 2211; x_wconf 87' lang='lat' dir='ltr'><strong><em>est,</em></strong></span> <span class='ocrx_word' id='word_1_175' title='bbox 1094 2160 1157 2199; x_wconf 92' lang='lat' dir='ltr'><strong><em>ac</em></strong></span> <span class='ocrx_word' id='word_1_176' title='bbox 1183 2146 1226 2200; x_wconf 88' lang='lat' dir='ltr'><strong><em>si</em></strong></span> <span class='ocrx_word' id='word_1_177' title='bbox 1257 2160 1363 2200; x_wconf 89' lang='lat' dir='ltr'><strong><em>non</em></strong></span> <span class='ocrx_word' id='word_1_178' title='bbox 1386 2145 1456 2201; x_wconf 89' lang='lat' dir='ltr'><strong><em>sit</em></strong></span> <span class='ocrx_word' id='word_1_179' title='bbox 1479 2152 1754 2215; x_wconf 82' lang='lat' dir='ltr'><strong><em>peccator,</em></strong></span> <span class='ocrx_word' id='word_1_180' title='bbox 1782 2143 1924 2215; x_wconf 91' lang='lat' dir='ltr'><strong><em>quod</em></strong></span> <span class='ocrx_word' id='word_1_181' title='bbox 1951 2144 2051 2201; x_wconf 90' lang='lat' dir='ltr'><strong><em>im-</em></strong></span> 
     </span>
    </p>
   </div>
   <div class='ocr_carea' id='block_1_24' title="bbox 457 2234 2051 2307">
    <p class='ocr_par' dir='ltr' id='par_1_24' title="bbox 457 2234 2051 2307">
     <span class='ocr_line' id='line_1_24' title="bbox 457 2234 2051 2307; baseline -0.001 -17"><span class='ocrx_word' id='word_1_182' title='bbox 457 2234 713 2307; x_wconf 85' lang='lat' dir='ltr'><strong><em>possibile</em></strong></span> <span class='ocrx_word' id='word_1_183' title='bbox 743 2243 846 2302; x_wconf 89' lang='lat' dir='ltr'><strong><em>est,</em></strong></span> <span class='ocrx_word' id='word_1_184' title='bbox 873 2234 931 2290; x_wconf 86' lang='lat' dir='ltr'><strong><em>lit</em></strong></span> <span class='ocrx_word' id='word_1_185' title='bbox 952 2242 1205 2305; x_wconf 85' lang='lat' dir='ltr'><strong><em>peccator</em></strong></span> <span class='ocrx_word' id='word_1_186' title='bbox 1237 2236 1364 2290; x_wconf 91' lang='lat' dir='ltr'><strong><em>dum</em></strong></span> <span class='ocrx_word' id='word_1_187' title='bbox 1409 2235 1670 2305; x_wconf 87' lang='lat' dir='ltr'><strong><em>superbit.</em></strong></span> <span class='ocrx_word' id='word_1_188' title='bbox 1700 2235 1944 2305; x_wconf 90' lang='lat' dir='ltr'><strong><em>Denique</em></strong></span> <span class='ocrx_word' id='word_1_189' title='bbox 1969 2234 2051 2289; x_wconf 90' lang='lat' dir='ltr'><strong><em>di-</em></strong></span> 
     </span>
    </p>
   </div>
   <div class='ocr_carea' id='block_1_25' title="bbox 459 2325 2047 2400">
    <p class='ocr_par' dir='ltr' id='par_1_25' title="bbox 459 2325 2047 2400">
     <span class='ocr_line' id='line_1_25' title="bbox 459 2325 2047 2400; baseline -0.003 -16"><span class='ocrx_word' id='word_1_190' title='bbox 459 2328 536 2384; x_wconf 85' lang='lat' dir='ltr'><strong><em>cit</em></strong></span> <span class='ocrx_word' id='word_1_191' title='bbox 579 2327 867 2400; x_wconf 78' lang='lat' dir='ltr'><strong><em>Scriptum</em></strong></span> <span class='ocrx_word' id='word_1_192' title='bbox 913 2346 927 2383; x_wconf 79' lang='lat'><strong>:</strong></span> <span class='ocrx_word' id='word_1_193' title='bbox 971 2327 1221 2399; x_wconf 84' lang='lat' dir='ltr'><strong><em>Superbis</em></strong></span> <span class='ocrx_word' id='word_1_194' title='bbox 1267 2326 1406 2382; x_wconf 88' lang='lat' dir='ltr'><strong><em>Deus</em></strong></span> <span class='ocrx_word' id='word_1_195' title='bbox 1472 2328 1663 2382; x_wconf 83' lang='lat' dir='ltr'><strong><em>resistit</em></strong></span> <span class='ocrx_word' id='word_1_196' title='bbox 1706 2326 1760 2400; x_wconf 93' lang='lat' dir='ltr'><strong><em>(I</em></strong></span> <span class='ocrx_word' id='word_1_197' title='bbox 1791 2325 1935 2381; x_wconf 65' lang='lat' dir='ltr'><strong><em>Pete.</em></strong></span> <span class='ocrx_word' id='word_1_198' title='bbox 1970 2326 2047 2399; x_wconf 85' lang='lat' dir='ltr'><strong><em>v).</em></strong></span> 
     </span>
    </p>
   </div>
   <div class='ocr_carea' id='block_1_26' title="bbox 463 2417 2054 2492">
    <p class='ocr_par' dir='ltr' id='par_1_26' title="bbox 463 2417 2054 2492">
     <span class='ocr_line' id='line_1_26' title="bbox 463 2417 2054 2492; baseline 0.001 -19"><span class='ocrx_word' id='word_1_199' title='bbox 463 2418 660 2492; x_wconf 86' lang='lat' dir='ltr'><strong><em>(0rig.)</em></strong></span> <span class='ocrx_word' id='word_1_200' title='bbox 688 2417 1010 2492; x_wconf 84' lang='lat' dir='ltr'><strong><em>Superbiam</em></strong></span> <span class='ocrx_word' id='word_1_201' title='bbox 1037 2434 1138 2489; x_wconf 92' lang='lat' dir='ltr'><strong><em>per</em></strong></span> <span class='ocrx_word' id='word_1_202' title='bbox 1155 2418 1333 2473; x_wconf 87' lang='lat' dir='ltr'><strong><em>omnia</em></strong></span> <span class='ocrx_word' id='word_1_203' title='bbox 1356 2417 1724 2489; x_wconf 90' lang='lat' dir='ltr'><strong><em>refugiendam</em></strong></span> <span class='ocrx_word' id='word_1_204' title='bbox 1755 2419 1930 2486; x_wconf 86' lang='lat' dir='ltr'><strong><em>docet,</em></strong></span> <span class='ocrx_word' id='word_1_205' title='bbox 1948 2417 2054 2475; x_wconf 88' lang='lat' dir='ltr'><strong><em>hoc</em></strong></span> 
     </span>
    </p>
   </div>
   <div class='ocr_carea' id='block_1_27' title="bbox 462 2508 2053 2581">
    <p class='ocr_par' dir='ltr' id='par_1_27' title="bbox 462 2508 2053 2581">
     <span class='ocr_line' id='line_1_27' title="bbox 462 2508 2053 2581; baseline 0.001 -16"><span class='ocrx_word' id='word_1_206' title='bbox 462 2511 608 2565; x_wconf 89' lang='lat' dir='ltr'><strong><em>enim</em></strong></span> <span class='ocrx_word' id='word_1_207' title='bbox 639 2512 769 2568; x_wconf 87' lang='lat' dir='ltr'><strong><em>dicit</em></strong></span> <span class='ocrx_word' id='word_1_208' title='bbox 809 2512 917 2567; x_wconf 90' lang='lat' dir='ltr'><strong><em>alta</em></strong></span> <span class='ocrx_word' id='word_1_209' title='bbox 934 2511 1155 2567; x_wconf 87' lang='lat' dir='ltr'><strong><em>sentire.</em></strong></span> <span class='ocrx_word' id='word_1_210' title='bbox 1187 2511 1257 2567; x_wconf 86' lang='lat' dir='ltr'><strong><em>Et</em></strong></span> <span class='ocrx_word' id='word_1_211' title='bbox 1283 2510 1479 2567; x_wconf 90' lang='lat' dir='ltr'><strong><em>merito</em></strong></span> <span class='ocrx_word' id='word_1_212' title='bbox 1521 2509 1774 2581; x_wconf 85' lang='lat' dir='ltr'><strong><em>superbia</em></strong></span> <span class='ocrx_word' id='word_1_213' title='bbox 1799 2508 2053 2581; x_wconf 85' lang='lat' dir='ltr'><strong><em>fugienda</em></strong></span> 
     </span>
    </p>
   </div>
   <div class='ocr_carea' id='block_1_28' title="bbox 465 2600 2053 2674">
    <p class='ocr_par' dir='ltr' id='par_1_28' title="bbox 465 2600 2053 2674">
     <span class='ocr_line' id='line_1_28' title="bbox 465 2600 2053 2674; baseline 0 -19"><span class='ocrx_word' id='word_1_214' title='bbox 465 2609 567 2666; x_wconf 87' lang='lat' dir='ltr'><strong><em>est,</em></strong></span> <span class='ocrx_word' id='word_1_215' title='bbox 594 2617 719 2657; x_wconf 91' lang='lat' dir='ltr'><strong><em>cum</em></strong></span> <span class='ocrx_word' id='word_1_216' title='bbox 750 2601 1032 2673; x_wconf 87' lang='lat' dir='ltr'><strong><em>Scriptura</em></strong></span> <span class='ocrx_word' id='word_1_217' title='bbox 1064 2602 1219 2668; x_wconf 90' lang='lat' dir='ltr'><strong><em>dicit,</em></strong></span> <span class='ocrx_word' id='word_1_218' title='bbox 1252 2602 1379 2674; x_wconf 85' lang='lat' dir='ltr'><strong><em>quia</em></strong></span> <span class='ocrx_word' id='word_1_219' title='bbox 1414 2602 1628 2657; x_wconf 89' lang='lat' dir='ltr'><strong><em>initium</em></strong></span> <span class='ocrx_word' id='word_1_220' title='bbox 1670 2600 1972 2658; x_wconf 85' lang='lat' dir='ltr'><strong><em>discedendi</em></strong></span> <span class='ocrx_word' id='word_1_221' title='bbox 2016 2617 2053 2655; x_wconf 90' lang='lat' dir='ltr'><strong><em>a</em></strong></span> 
     </span>
    </p>
   </div>
   <div class='ocr_carea' id='block_1_29' title="bbox 466 2690 1295 2765">
    <p class='ocr_par' dir='ltr' id='par_1_29' title="bbox 466 2690 1295 2765">
     <span class='ocr_line' id='line_1_29' title="bbox 466 2690 1295 2765; baseline 0.002 -21"><span class='ocrx_word' id='word_1_222' title='bbox 466 2690 600 2758; x_wconf 83' lang='lat' dir='ltr'><strong><em>Deo,</em></strong></span> <span class='ocrx_word' id='word_1_223' title='bbox 624 2693 869 2763; x_wconf 82' lang='lat' dir='ltr'><strong><em>superbia</em></strong></span> <span class='ocrx_word' id='word_1_224' title='bbox 898 2702 972 2748; x_wconf 86' lang='lat' dir='ltr'><strong><em>est</em></strong></span> <span class='ocrx_word' id='word_1_225' title='bbox 998 2692 1191 2765; x_wconf 87' lang='lat' dir='ltr'><strong><em>(Eccli.</em></strong></span> <span class='ocrx_word' id='word_1_226' title='bbox 1215 2692 1295 2764; x_wconf 68' lang='grc' dir='ltr'><strong><em>ι).</em></strong></span> 
     </span>
    </p>
   </div>
   <div class='ocr_carea' id='block_1_30' title="bbox 539 2781 2057 2855">
    <p class='ocr_par' dir='ltr' id='par_1_30' title="bbox 539 2781 2057 2855">
     <span class='ocr_line' id='line_1_30' title="bbox 539 2781 2057 2855; baseline -0.001 -16"><span class='ocrx_word' id='word_1_227' title='bbox 539 2782 641 2839; x_wconf 87' lang='lat' dir='ltr'><strong><em>Sed</em></strong></span> <span class='ocrx_word' id='word_1_228' title='bbox 669 2781 955 2839; x_wconf 81' lang='lat' dir='ltr'><strong><em>humilibus</em></strong></span> <span class='ocrx_word' id='word_1_229' title='bbox 977 2784 1371 2840; x_wconf 81' lang='lat' dir='ltr'><strong><em>consentientes.</em></strong></span> <span class='ocrx_word' id='word_1_230' title='bbox 1389 2781 1615 2855; x_wconf 80' lang='lat' dir='ltr'><strong><em>(Ambr.)</em></strong></span> <span class='ocrx_word' id='word_1_231' title='bbox 1635 2783 1737 2839; x_wconf 87' lang='lat' dir='ltr'><strong><em>hoc</em></strong></span> <span class='ocrx_word' id='word_1_232' title='bbox 1758 2789 1867 2850; x_wconf 86' lang='lat' dir='ltr'><strong><em>est,</em></strong></span> <span class='ocrx_word' id='word_1_233' title='bbox 1884 2791 1943 2838; x_wconf 89' lang='lat' dir='ltr'><strong><em>ut</em></strong></span> <span class='ocrx_word' id='word_1_234' title='bbox 1967 2782 2057 2838; x_wconf 89' lang='lat' dir='ltr'><strong><em>de-</em></strong></span> 
     </span>
    </p>
   </div>
   <div class='ocr_carea' id='block_1_31' title="bbox 467 2873 2056 2947">
    <p class='ocr_par' dir='ltr' id='par_1_31' title="bbox 467 2873 2056 2947">
     <span class='ocr_line' id='line_1_31' title="bbox 467 2873 2056 2947; baseline 0.001 -18"><span class='ocrx_word' id='word_1_235' title='bbox 467 2873 644 2945; x_wconf 85' lang='lat' dir='ltr'><strong><em>posita</em></strong></span> <span class='ocrx_word' id='word_1_236' title='bbox 669 2875 941 2947; x_wconf 88' lang='lat' dir='ltr'><strong><em>superbia,</em></strong></span> <span class='ocrx_word' id='word_1_237' title='bbox 963 2875 1194 2931; x_wconf 89' lang='lat' dir='ltr'><strong><em>alienam</em></strong></span> <span class='ocrx_word' id='word_1_238' title='bbox 1216 2891 1432 2931; x_wconf 88' lang='lat' dir='ltr'><strong><em>causam</em></strong></span> <span class='ocrx_word' id='word_1_239' title='bbox 1450 2891 1603 2932; x_wconf 89' lang='lat' dir='ltr'><strong><em>suam</em></strong></span> <span class='ocrx_word' id='word_1_240' title='bbox 1618 2875 1804 2941; x_wconf 84' lang='lat' dir='ltr'><strong><em>faciat,</em></strong></span> <span class='ocrx_word' id='word_1_241' title='bbox 1826 2884 1882 2933; x_wconf 89' lang='lat' dir='ltr'><strong><em>et</em></strong></span> <span class='ocrx_word' id='word_1_242' title='bbox 1902 2890 2056 2933; x_wconf 87' lang='lat' dir='ltr'><strong><em>suam</em></strong></span> 
     </span>
    </p>
   </div>
   <div class='ocr_carea' id='block_1_32' title="bbox 469 2966 2055 3039">
    <p class='ocr_par' dir='ltr' id='par_1_32' title="bbox 469 2966 2055 3039">
     <span class='ocr_line' id='line_1_32' title="bbox 469 2966 2055 3039; baseline 0.001 -18"><span class='ocrx_word' id='word_1_243' title='bbox 469 2967 626 3038; x_wconf 88' lang='lat' dir='ltr'><strong><em>quasi</em></strong></span> <span class='ocrx_word' id='word_1_244' title='bbox 653 2966 903 3032; x_wconf 89' lang='lat' dir='ltr'><strong><em>alienam,</em></strong></span> <span class='ocrx_word' id='word_1_245' title='bbox 956 2976 1017 3022; x_wconf 90' lang='lat' dir='ltr'><strong><em>ut</em></strong></span> <span class='ocrx_word' id='word_1_246' title='bbox 1050 2967 1248 3023; x_wconf 89' lang='lat' dir='ltr'><strong><em>habeat</em></strong></span> <span class='ocrx_word' id='word_1_247' title='bbox 1285 2968 1518 3039; x_wconf 80' lang='lat' dir='ltr'><strong><em>gratiam</em></strong></span> <span class='ocrx_word' id='word_1_248' title='bbox 1566 2968 1706 3038; x_wconf 89' lang='lat' dir='ltr'><strong><em>apud</em></strong></span> <span class='ocrx_word' id='word_1_249' title='bbox 1742 2968 2055 3034; x_wconf 88' lang='lat' dir='ltr'><strong><em>Dominum,</em></strong></span> 
     </span>
    </p>
   </div>
   <div class='ocr_carea' id='block_1_33' title="bbox 425 3055 2058 3128">
    <p class='ocr_par' dir='ltr' id='par_1_33' title="bbox 425 3055 2058 3128">
     <span class='ocr_line' id='line_1_33' title="bbox 425 3055 2058 3128; baseline 0 -17"><span class='ocrx_word' id='word_1_250' title='bbox 425 3089 432 3097; x_wconf 69' lang='grc' dir='ltr'><strong><em>ο</em></strong></span> <span class='ocrx_word' id='word_1_251' title='bbox 471 3056 594 3126; x_wconf 86' lang='lat' dir='ltr'><strong><em>quia</em></strong></span> <span class='ocrx_word' id='word_1_252' title='bbox 639 3057 730 3128; x_wconf 89' lang='lat' dir='ltr'><strong><em>qui</em></strong></span> <span class='ocrx_word' id='word_1_253' title='bbox 775 3072 835 3114; x_wconf 88' lang='lat' dir='ltr'><strong><em>se</em></strong></span> <span class='ocrx_word' id='word_1_254' title='bbox 879 3055 1205 3112; x_wconf 83' lang='lat' dir='ltr'><strong><em>exaltaverit</em></strong></span> <span class='ocrx_word' id='word_1_255' title='bbox 1239 3056 1634 3111; x_wconf 88' lang='lat' dir='ltr'><strong><em>humiliabitur.</em></strong></span> <span class='ocrx_word' id='word_1_256' title='bbox 1669 3055 1866 3127; x_wconf 69' lang='grc' dir='ltr'><strong><em>(θήρ.)</em></strong></span> <span class='ocrx_word' id='word_1_257' title='bbox 1912 3055 2058 3111; x_wconf 82' lang='lat' dir='ltr'><strong><em>Bene</em></strong></span> 
     </span>
    </p>
   </div>
   <div class='ocr_carea' id='block_1_34' title="bbox 474 3148 2058 3219">
    <p class='ocr_par' dir='ltr' id='par_1_34' title="bbox 474 3148 2058 3219">
     <span class='ocr_line' id='line_1_34' title="bbox 474 3148 2058 3219; baseline -0.001 -15"><span class='ocrx_word' id='word_1_258' title='bbox 474 3157 655 3206; x_wconf 88' lang='lat' dir='ltr'><strong><em>autem</em></strong></span> <span class='ocrx_word' id='word_1_259' title='bbox 679 3164 787 3206; x_wconf 91' lang='lat' dir='ltr'><strong><em>uno</em></strong></span> <span class='ocrx_word' id='word_1_260' title='bbox 815 3163 1064 3205; x_wconf 87' lang='lat' dir='ltr'><strong><em>sermone</em></strong></span> <span class='ocrx_word' id='word_1_261' title='bbox 1102 3148 1495 3203; x_wconf 87' lang='lat' dir='ltr'><strong><em>institutionem</em></strong></span> <span class='ocrx_word' id='word_1_262' title='bbox 1543 3148 1867 3203; x_wconf 88' lang='lat' dir='ltr'><strong><em>humilitatis</em></strong></span> <span class='ocrx_word' id='word_1_263' title='bbox 1895 3162 2058 3219; x_wconf 55' lang='lat' dir='ltr'><strong><em>expc-</em></strong></span> 
     </span>
    </p>
   </div>
   <div class='ocr_carea' id='block_1_35' title="bbox 474 3236 2058 3305">
    <p class='ocr_par' dir='ltr' id='par_1_35' title="bbox 474 3236 2058 3305">
     <span class='ocr_line' id='line_1_35' title="bbox 474 3236 2058 3305; baseline -0.002 -9"><span class='ocrx_word' id='word_1_264' title='bbox 474 3240 602 3296; x_wconf 85' lang='lat' dir='ltr'><strong><em>suit.</em></strong></span> <span class='ocrx_word' id='word_1_265' title='bbox 628 3238 949 3298; x_wconf 87' lang='lat' dir='ltr'><strong><em>Consentire</em></strong></span> <span class='ocrx_word' id='word_1_266' title='bbox 972 3239 1117 3294; x_wconf 92' lang='lat' dir='ltr'><strong><em>enim</em></strong></span> <span class='ocrx_word' id='word_1_267' title='bbox 1144 3237 1457 3305; x_wconf 84' lang='lat' dir='ltr'><strong><em>humilibus,</em></strong></span> <span class='ocrx_word' id='word_1_268' title='bbox 1498 3246 1553 3294; x_wconf 90' lang='lat' dir='ltr'><strong><em>et</em></strong></span> <span class='ocrx_word' id='word_1_269' title='bbox 1580 3252 1764 3292; x_wconf 85' lang='lat' dir='ltr'><strong><em>amare</em></strong></span> <span class='ocrx_word' id='word_1_270' title='bbox 1784 3236 2019 3293; x_wconf 86' lang='lat' dir='ltr'><strong><em>humiles</em></strong></span> <span class='ocrx_word' id='word_1_271' title='bbox 2041 3278 2058 3304; x_wconf 88' lang='lat'><strong><em>,</em></strong></span> 
     </span>
    </p>
   </div>
   <div class='ocr_carea' id='block_1_36' title="bbox 475 3328 2058 3409">
    <p class='ocr_par' dir='ltr' id='par_1_36' title="bbox 475 3328 2058 3409">
     <span class='ocr_line' id='line_1_36' title="bbox 475 3328 2058 3409; baseline -0.004 -17"><span class='ocrx_word' id='word_1_272' title='bbox 475 3344 641 3409; x_wconf 90' lang='lat' dir='ltr'><strong><em>atque</em></strong></span> <span class='ocrx_word' id='word_1_273' title='bbox 660 3335 934 3391; x_wconf 82' lang='lat' dir='ltr'><strong><em>inclinare</em></strong></span> <span class='ocrx_word' id='word_1_274' title='bbox 958 3348 1018 3390; x_wconf 87' lang='lat' dir='ltr'><strong><em>se</em></strong></span> <span class='ocrx_word' id='word_1_275' title='bbox 1053 3333 1122 3389; x_wconf 89' lang='lat' dir='ltr'><strong><em>ad</em></strong></span> <span class='ocrx_word' id='word_1_276' title='bbox 1143 3348 1259 3398; x_wconf 88' lang='lat' dir='ltr'><strong><em>eos,</em></strong></span> <span class='ocrx_word' id='word_1_277' title='bbox 1282 3332 1386 3389; x_wconf 91' lang='lat' dir='ltr'><strong><em>hoc</em></strong></span> <span class='ocrx_word' id='word_1_278' title='bbox 1420 3340 1504 3389; x_wconf 88' lang='lat' dir='ltr'><strong><em>est</em></strong></span> <span class='ocrx_word' id='word_1_279' title='bbox 1547 3345 1904 3389; x_wconf 90' lang='lat' dir='ltr'><strong><em>consuescere</em></strong></span> <span class='ocrx_word' id='word_1_280' title='bbox 1934 3328 2058 3386; x_wconf 86' lang='lat' dir='ltr'><strong><em>imi-</em></strong></span> 
     </span>
    </p>
   </div>
   <div class='ocr_carea' id='block_1_37' title="bbox 476 3423 2062 3501">
    <p class='ocr_par' dir='ltr' id='par_1_37' title="bbox 476 3423 2062 3501">
     <span class='ocr_line' id='line_1_37' title="bbox 476 3423 2062 3501; baseline -0.004 -16"><span class='ocrx_word' id='word_1_281' title='bbox 476 3430 580 3485; x_wconf 87' lang='lat' dir='ltr'><strong><em>tari</em></strong></span> <span class='ocrx_word' id='word_1_282' title='bbox 606 3445 732 3486; x_wconf 90' lang='lat' dir='ltr'><strong><em>eum</em></strong></span> <span class='ocrx_word' id='word_1_283' title='bbox 756 3428 999 3501; x_wconf 90' lang='lat' dir='ltr'><strong><em>quicum</em></strong></span> <span class='ocrx_word' id='word_1_284' title='bbox 1023 3428 1077 3483; x_wconf 88' lang='lat' dir='ltr'><strong><em>in</em></strong></span> <span class='ocrx_word' id='word_1_285' title='bbox 1109 3426 1280 3483; x_wconf 81' lang='lat' dir='ltr'><strong><em>forma</em></strong></span> <span class='ocrx_word' id='word_1_286' title='bbox 1303 3426 1399 3484; x_wconf 88' lang='lat' dir='ltr'><strong><em>Dei</em></strong></span> <span class='ocrx_word' id='word_1_287' title='bbox 1418 3433 1584 3493; x_wconf 86' lang='lat' dir='ltr'><strong><em>esset,</em></strong></span> <span class='ocrx_word' id='word_1_288' title='bbox 1622 3441 1641 3476; x_wconf 72' lang='grc' dir='ltr'><strong><em>ι</em></strong></span> <span class='ocrx_word' id='word_1_289' title='bbox 1664 3424 1897 3480; x_wconf 86' lang='lat' dir='ltr'><strong><em>formam</em></strong></span> <span class='ocrx_word' id='word_1_290' title='bbox 1917 3423 2062 3480; x_wconf 80' lang='lat' dir='ltr'><strong><em>servi</em></strong></span> 
     </span>
    </p>
   </div>
   <div class='ocr_carea' id='block_1_38' title="bbox 475 3511 2065 3597">
    <p class='ocr_par' dir='ltr' id='par_1_38' title="bbox 475 3511 2065 3597">
     <span class='ocr_line' id='line_1_38' title="bbox 475 3511 2065 3597; baseline -0.004 -22"><span class='ocrx_word' id='word_1_291' title='bbox 475 3518 716 3597; x_wconf 81' lang='lat' dir='ltr'><strong><em>suscepit</em></strong></span> <span class='ocrx_word' id='word_1_292' title='bbox 741 3558 757 3588; x_wconf 92' lang='lat'><strong><em>,</em></strong></span> <span class='ocrx_word' id='word_1_293' title='bbox 803 3526 862 3575; x_wconf 88' lang='lat' dir='ltr'><strong><em>et</em></strong></span> <span class='ocrx_word' id='word_1_294' title='bbox 889 3516 1192 3597; x_wconf 73' lang='lat' dir='ltr'><strong><em>humiliar‘it</em></strong></span> <span class='ocrx_word' id='word_1_295' title='bbox 1219 3532 1280 3574; x_wconf 91' lang='lat' dir='ltr'><strong><em>se</em></strong></span> <span class='ocrx_word' id='word_1_296' title='bbox 1320 3532 1491 3589; x_wconf 85' lang='lat' dir='ltr'><strong><em>usque</em></strong></span> <span class='ocrx_word' id='word_1_297' title='bbox 1528 3515 1600 3571; x_wconf 87' lang='lat' dir='ltr'><strong><em>ad</em></strong></span> <span class='ocrx_word' id='word_1_298' title='bbox 1635 3522 1864 3571; x_wconf 86' lang='lat' dir='ltr'><strong><em>mortem</em></strong></span> <span class='ocrx_word' id='word_1_299' title='bbox 1906 3511 2065 3584; x_wconf 83' lang='lat' dir='ltr'><strong><em>(Phi-</em></strong></span> 
     </span>
    </p>
   </div>
   <div class='ocr_carea' id='block_1_39' title="bbox 476 3592 2063 3685">
    <p class='ocr_par' dir='ltr' id='par_1_39' title="bbox 476 3592 2063 3685">
     <span class='ocr_line' id='line_1_39' title="bbox 476 3592 2063 3685; baseline -0.001 -21"><span class='ocrx_word' id='word_1_300' title='bbox 476 3592 604 3684; x_wconf 84' lang='lat' dir='ltr'><strong><em>lipp.</em></strong></span> <span class='ocrx_word' id='word_1_301' title='bbox 630 3608 714 3685; x_wconf 77' lang='grc' dir='ltr'>ιι).</span> <span class='ocrx_word' id='word_1_302' title='bbox 738 3630 760 3664; x_wconf 75' lang='grc' dir='ltr'><strong><em>ι</em></strong></span> <span class='ocrx_word' id='word_1_303' title='bbox 780 3592 1096 3684; x_wconf 81' lang='lat' dir='ltr'><strong><em>Hypocrita,</em></strong></span> <span class='ocrx_word' id='word_1_304' title='bbox 1120 3610 1167 3666; x_wconf 89' lang='lat' dir='ltr'><strong><em>si</em></strong></span> <span class='ocrx_word' id='word_1_305' title='bbox 1188 3610 1324 3667; x_wconf 89' lang='lat' dir='ltr'><strong><em>dicis</em></strong></span> <span class='ocrx_word' id='word_1_306' title='bbox 1341 3617 1394 3665; x_wconf 89' lang='lat' dir='ltr'><strong><em>te</em></strong></span> <span class='ocrx_word' id='word_1_307' title='bbox 1414 3609 1636 3675; x_wconf 89' lang='lat' dir='ltr'><strong><em>habere,</em></strong></span> <span class='ocrx_word' id='word_1_308' title='bbox 1651 3623 1774 3664; x_wconf 90' lang='lat' dir='ltr'><strong><em>cum</em></strong></span> <span class='ocrx_word' id='word_1_309' title='bbox 1795 3607 1987 3664; x_wconf 85' lang='lat' dir='ltr'><strong><em>credas</em></strong></span> <span class='ocrx_word' id='word_1_310' title='bbox 2010 3615 2063 3661; x_wconf 88' lang='lat' dir='ltr'><strong><em>te</em></strong></span> 
     </span>
    </p>
   </div>
   <div class='ocr_carea' id='block_1_40' title="bbox 477 3697 2065 3773">
    <p class='ocr_par' dir='ltr' id='par_1_40' title="bbox 477 3697 2065 3773">
     <span class='ocr_line' id='line_1_40' title="bbox 477 3697 2065 3773; baseline -0.004 -16"><span class='ocrx_word' id='word_1_311' title='bbox 477 3716 585 3757; x_wconf 92' lang='lat' dir='ltr'><strong><em>non</em></strong></span> <span class='ocrx_word' id='word_1_312' title='bbox 615 3700 818 3759; x_wconf 82' lang='lat' dir='ltr'><strong><em>habere</em></strong></span> <span class='ocrx_word' id='word_1_313' title='bbox 843 3708 1149 3773; x_wconf 87' lang='lat' dir='ltr'><strong><em>peccatum,</em></strong></span> <span class='ocrx_word' id='word_1_314' title='bbox 1171 3698 1305 3758; x_wconf 86' lang='lat' dir='ltr'><strong><em>foris</em></strong></span> <span class='ocrx_word' id='word_1_315' title='bbox 1323 3699 1481 3773; x_wconf 84' lang='lat' dir='ltr'><strong><em>lingis</em></strong></span> <span class='ocrx_word' id='word_1_316' title='bbox 1510 3697 1894 3763; x_wconf 91' lang='lat' dir='ltr'><strong><em>humilitatem,</em></strong></span> <span class='ocrx_word' id='word_1_317' title='bbox 1920 3697 2065 3752; x_wconf 90' lang='lat' dir='ltr'><strong><em>intus</em></strong></span> 
     </span>
    </p>
   </div>
   <div class='ocr_carea' id='block_1_41' title="bbox 477 3791 2067 3866">
    <p class='ocr_par' dir='ltr' id='par_1_41' title="bbox 477 3791 2067 3866">
     <span class='ocr_line' id='line_1_41' title="bbox 477 3791 2067 3866; baseline -0.004 -15"><span class='ocrx_word' id='word_1_318' title='bbox 477 3793 820 3866; x_wconf 79' lang='lat' dir='ltr'><strong><em>amplecteris</em></strong></span> <span class='ocrx_word' id='word_1_319' title='bbox 840 3796 1138 3855; x_wconf 81' lang='lat' dir='ltr'><strong><em>vanitatem</em></strong></span> <span class='ocrx_word' id='word_1_320' title='bbox 1154 3811 1168 3849; x_wconf 85' lang='lat'><strong>;</strong></span> <span class='ocrx_word' id='word_1_321' title='bbox 1187 3807 1315 3865; x_wconf 83' lang='lat' dir='ltr'><strong><em>ergo</em></strong></span> <span class='ocrx_word' id='word_1_322' title='bbox 1342 3801 1400 3849; x_wconf 89' lang='lat' dir='ltr'><strong><em>et</em></strong></span> <span class='ocrx_word' id='word_1_323' title='bbox 1421 3792 1476 3849; x_wconf 92' lang='lat' dir='ltr'><strong><em>in</em></strong></span> <span class='ocrx_word' id='word_1_324' title='bbox 1503 3807 1597 3849; x_wconf 90' lang='lat' dir='ltr'><strong><em>ore</em></strong></span> <span class='ocrx_word' id='word_1_325' title='bbox 1617 3791 1743 3847; x_wconf 90' lang='lat' dir='ltr'><strong><em>etin</em></strong></span> <span class='ocrx_word' id='word_1_326' title='bbox 1759 3791 1922 3847; x_wconf 89' lang='lat' dir='ltr'><strong><em>corde</em></strong></span> <span class='ocrx_word' id='word_1_327' title='bbox 1956 3805 2067 3846; x_wconf 93' lang='lat' dir='ltr'><strong><em>non</em></strong></span> 
     </span>
    </p>
   </div>
   <div class='ocr_carea' id='block_1_42' title="bbox 480 3880 2069 3958">
    <p class='ocr_par' dir='ltr' id='par_1_42' title="bbox 480 3880 2069 3958">
     <span class='ocr_line' id='line_1_42' title="bbox 480 3880 2069 3958; baseline -0.003 -18"><span class='ocrx_word' id='word_1_328' title='bbox 480 3885 653 3941; x_wconf 89' lang='lat' dir='ltr'><strong><em>habes</em></strong></span> <span class='ocrx_word' id='word_1_329' title='bbox 678 3886 988 3955; x_wconf 81' lang='lat' dir='ltr'><strong><em>veritatem,</em></strong></span> <span class='ocrx_word' id='word_1_330' title='bbox 1017 3884 1146 3958; x_wconf 83' lang='lat' dir='ltr'><strong><em>quid</em></strong></span> <span class='ocrx_word' id='word_1_331' title='bbox 1182 3883 1279 3940; x_wconf 86' lang='lat' dir='ltr'><strong><em>tibi</em></strong></span> <span class='ocrx_word' id='word_1_332' title='bbox 1316 3883 1537 3957; x_wconf 84' lang='lat' dir='ltr'><strong><em>prodest</em></strong></span> <span class='ocrx_word' id='word_1_333' title='bbox 1555 3882 1728 3939; x_wconf 86' lang='lat' dir='ltr'><strong><em>videri</em></strong></span> <span class='ocrx_word' id='word_1_334' title='bbox 1760 3880 2069 3938; x_wconf 88' lang='lat' dir='ltr'><strong><em>hominibus</em></strong></span> 
     </span>
    </p>
   </div>
   <div class='ocr_carea' id='block_1_43' title="bbox 371 3968 2069 4048">
    <p class='ocr_par' dir='ltr' id='par_1_43' title="bbox 371 3968 2069 4048">
     <span class='ocr_line' id='line_1_43' title="bbox 371 3968 2069 4048; baseline -0.003 -18"><span class='ocrx_word' id='word_1_335' title='bbox 371 3968 383 3985; x_wconf 74' lang='lat'><strong>‘</strong></span> <span class='ocrx_word' id='word_1_336' title='bbox 483 3974 744 4033; x_wconf 90' lang='lat' dir='ltr'><strong><em>humilem</em></strong></span> <span class='ocrx_word' id='word_1_337' title='bbox 778 3992 918 4044; x_wconf 88' lang='lat' dir='ltr'><strong><em>esse,</em></strong></span> <span class='ocrx_word' id='word_1_338' title='bbox 960 3974 1106 4048; x_wconf 89' lang='lat' dir='ltr'><strong><em>quod</em></strong></span> <span class='ocrx_word' id='word_1_339' title='bbox 1127 3975 1282 4043; x_wconf 90' lang='lat' dir='ltr'><strong><em>dicis,</em></strong></span> <span class='ocrx_word' id='word_1_340' title='bbox 1308 3974 1354 4030; x_wconf 90' lang='lat' dir='ltr'><strong><em>si</em></strong></span> <span class='ocrx_word' id='word_1_341' title='bbox 1375 3973 1520 4030; x_wconf 88' lang='lat' dir='ltr'><strong><em>Deus</em></strong></span> <span class='ocrx_word' id='word_1_342' title='bbox 1545 3972 1692 4029; x_wconf 89' lang='lat' dir='ltr'><strong><em>videt</em></strong></span> <span class='ocrx_word' id='word_1_343' title='bbox 1733 3971 1901 4029; x_wconf 87' lang='lat' dir='ltr'><strong><em>altum</em></strong></span> <span class='ocrx_word' id='word_1_344' title='bbox 1943 3984 2069 4026; x_wconf 84' lang='lat' dir='ltr'><strong><em>esse</em></strong></span> 
     </span>
    </p>
   </div>
   <div class='ocr_carea' id='block_1_44' title="bbox 481 4062 2066 4139">
    <p class='ocr_par' dir='ltr' id='par_1_44' title="bbox 481 4062 2066 4139">
     <span class='ocr_line' id='line_1_44' title="bbox 481 4062 2066 4139; baseline -0.003 -17"><span class='ocrx_word' id='word_1_345' title='bbox 481 4067 626 4138; x_wconf 88' lang='lat' dir='ltr'><strong><em>quod</em></strong></span> <span class='ocrx_word' id='word_1_346' title='bbox 666 4068 855 4139; x_wconf 81' lang='lat' dir='ltr'><strong><em>sapis?</em></strong></span> <span class='ocrx_word' id='word_1_347' title='bbox 893 4064 1074 4122; x_wconf 84' lang='lat' dir='ltr'><strong><em>Nolite</em></strong></span> <span class='ocrx_word' id='word_1_348' title='bbox 1101 4083 1211 4123; x_wconf 88' lang='lat' dir='ltr'><strong><em>esse</em></strong></span> <span class='ocrx_word' id='word_1_349' title='bbox 1238 4064 1516 4137; x_wconf 82' lang='lat' dir='ltr'><strong><em>prudentes</em></strong></span> <span class='ocrx_word' id='word_1_350' title='bbox 1538 4063 1678 4135; x_wconf 83' lang='lat' dir='ltr'><strong><em>apud</em></strong></span> <span class='ocrx_word' id='word_1_351' title='bbox 1709 4062 2066 4132; x_wconf 82' lang='lat' dir='ltr'><strong><em>vosmetipsos.</em></strong></span> 
     </span>
    </p>
   </div>
   <div class='ocr_carea' id='block_1_45' title="bbox 486 4150 2068 4229">
    <p class='ocr_par' dir='ltr' id='par_1_45' title="bbox 486 4150 2068 4229">
     <span class='ocr_line' id='line_1_45' title="bbox 486 4150 2068 4229; baseline -0.005 -18"><span class='ocrx_word' id='word_1_352' title='bbox 486 4154 724 4229; x_wconf 87' lang='lat' dir='ltr'><strong><em>(Ambr.)</em></strong></span> <span class='ocrx_word' id='word_1_353' title='bbox 748 4156 862 4214; x_wconf 84' lang='lat' dir='ltr'><strong><em>Hoc</em></strong></span> <span class='ocrx_word' id='word_1_354' title='bbox 889 4157 947 4213; x_wconf 89' lang='lat' dir='ltr'><strong><em>in</em></strong></span> <span class='ocrx_word' id='word_1_355' title='bbox 972 4156 1109 4213; x_wconf 88' lang='lat' dir='ltr'><strong><em>isaia</em></strong></span> <span class='ocrx_word' id='word_1_356' title='bbox 1136 4156 1401 4228; x_wconf 78' lang='lat' dir='ltr'><strong><em>propheta</em></strong></span> <span class='ocrx_word' id='word_1_357' title='bbox 1431 4155 1695 4226; x_wconf 88' lang='lat' dir='ltr'><strong><em>scriptum</em></strong></span> <span class='ocrx_word' id='word_1_358' title='bbox 1722 4161 1805 4211; x_wconf 86' lang='lat' dir='ltr'><strong><em>est</em></strong></span> <span class='ocrx_word' id='word_1_359' title='bbox 1828 4151 1964 4225; x_wconf 90' lang='lat' dir='ltr'><strong><em>(Isa.</em></strong></span> <span class='ocrx_word' id='word_1_360' title='bbox 1990 4150 2068 4224; x_wconf 83' lang='lat' dir='ltr'><strong><em>v),</em></strong></span> 
     </span>
    </p>
   </div>
   <div class='ocr_carea' id='block_1_46' title="bbox 483 4241 2072 4319">
    <p class='ocr_par' dir='ltr' id='par_1_46' title="bbox 483 4241 2072 4319">
     <span class='ocr_line' id='line_1_46' title="bbox 483 4241 2072 4319; baseline -0.001 -18"><span class='ocrx_word' id='word_1_361' title='bbox 483 4246 627 4317; x_wconf 90' lang='lat' dir='ltr'><strong><em>quod</em></strong></span> <span class='ocrx_word' id='word_1_362' title='bbox 656 4245 745 4301; x_wconf 90' lang='lat' dir='ltr'><strong><em>hic</em></strong></span> <span class='ocrx_word' id='word_1_363' title='bbox 764 4246 917 4317; x_wconf 87' lang='lat' dir='ltr'><strong><em>quasi</em></strong></span> <span class='ocrx_word' id='word_1_364' title='bbox 942 4246 1221 4319; x_wconf 88' lang='lat' dir='ltr'><strong><em>proprium</em></strong></span> <span class='ocrx_word' id='word_1_365' title='bbox 1248 4245 1421 4316; x_wconf 86' lang='lat' dir='ltr'><strong><em>ponit,</em></strong></span> <span class='ocrx_word' id='word_1_366' title='bbox 1446 4252 1506 4298; x_wconf 92' lang='lat' dir='ltr'><strong><em>ut</em></strong></span> <span class='ocrx_word' id='word_1_367' title='bbox 1527 4241 1737 4312; x_wconf 78' lang='lat' dir='ltr'><strong><em>iustitia</em></strong></span> <span class='ocrx_word' id='word_1_368' title='bbox 1768 4242 2072 4301; x_wconf 80' lang='lat' dir='ltr'><strong><em>communis</em></strong></span> 
     </span>
    </p>
   </div>
   <div class='ocr_carea' id='block_1_47' title="bbox 483 4335 2071 4407">
    <p class='ocr_par' dir='ltr' id='par_1_47' title="bbox 483 4335 2071 4407">
     <span class='ocr_line' id='line_1_47' title="bbox 483 4335 2071 4407; baseline -0.002 -16"><span class='ocrx_word' id='word_1_369' title='bbox 483 4337 769 4405; x_wconf 85' lang='lat' dir='ltr'><strong><em>habeatur,</em></strong></span> <span class='ocrx_word' id='word_1_370' title='bbox 798 4353 911 4393; x_wconf 90' lang='lat' dir='ltr'><strong><em>non</em></strong></span> <span class='ocrx_word' id='word_1_371' title='bbox 935 4346 997 4391; x_wconf 91' lang='lat' dir='ltr'><strong><em>ut</em></strong></span> <span class='ocrx_word' id='word_1_372' title='bbox 1040 4337 1143 4391; x_wconf 91' lang='lat' dir='ltr'><strong><em>sibi</em></strong></span> <span class='ocrx_word' id='word_1_373' title='bbox 1172 4336 1293 4407; x_wconf 90' lang='lat' dir='ltr'><strong><em>quis</em></strong></span> <span class='ocrx_word' id='word_1_374' title='bbox 1317 4336 1492 4406; x_wconf 80' lang='lat' dir='ltr'><strong><em>justus</em></strong></span> <span class='ocrx_word' id='word_1_375' title='bbox 1520 4336 1611 4399; x_wconf 88' lang='lat' dir='ltr'><strong><em>sit,</em></strong></span> <span class='ocrx_word' id='word_1_376' title='bbox 1639 4335 1849 4391; x_wconf 60' lang='lat' dir='ltr'><strong><em>creteris</em></strong></span> <span class='ocrx_word' id='word_1_377' title='bbox 1890 4342 2071 4395; x_wconf 76' lang='lat' dir='ltr'><strong><em>autem</em></strong></span> 
     </span>
    </p>
   </div>
   <div class='ocr_carea' id='block_1_48' title="bbox 2137 466 3767 541">
    <p class='ocr_par' dir='ltr' id='par_1_48' title="bbox 2137 466 3767 541">
     <span class='ocr_line' id='line_1_48' title="bbox 2137 466 3767 541; baseline -0.005 -13"><span class='ocrx_word' id='word_1_378' title='bbox 2137 474 2502 540; x_wconf 62' lang='lat' dir='ltr'><strong><em>aestimarent,</em></strong></span> <span class='ocrx_word' id='word_1_379' title='bbox 2565 484 2905 541; x_wconf 85' lang='lat' dir='ltr'><strong><em>nequaquam</em></strong></span> <span class='ocrx_word' id='word_1_380' title='bbox 2955 477 3275 523; x_wconf 90' lang='lat' dir='ltr'><strong><em>cunctorum</em></strong></span> <span class='ocrx_word' id='word_1_381' title='bbox 3337 466 3598 522; x_wconf 86' lang='lat' dir='ltr'><strong><em>consilia</em></strong></span> <span class='ocrx_word' id='word_1_382' title='bbox 3657 481 3767 521; x_wconf 77' lang='lat' dir='ltr'><strong><em>sua:</em></strong></span> 
     </span>
    </p>
   </div>
   <div class='ocr_carea' id='block_1_49' title="bbox 2134 548 3765 635">
    <p class='ocr_par' dir='ltr' id='par_1_49' title="bbox 2134 548 3765 635">
     <span class='ocr_line' id='line_1_49' title="bbox 2134 548 3765 635; baseline -0.005 -13"><span class='ocrx_word' id='word_1_383' title='bbox 2134 564 2508 623; x_wconf 86' lang='lat' dir='ltr'><strong><em>deliberationi</em></strong></span> <span class='ocrx_word' id='word_1_384' title='bbox 2538 569 2957 635; x_wconf 87' lang='lat' dir='ltr'><strong><em>postponerent;</em></strong></span> <span class='ocrx_word' id='word_1_385' title='bbox 2994 560 3115 616; x_wconf 89' lang='lat' dir='ltr'><strong><em>istis</em></strong></span> <span class='ocrx_word' id='word_1_386' title='bbox 3138 560 3440 617; x_wconf 86' lang='lat' dir='ltr'><strong><em>dicendum</em></strong></span> <span class='ocrx_word' id='word_1_387' title='bbox 3476 548 3600 625; x_wconf 60' lang='lat' dir='ltr'><strong><em>est,</em></strong></span> <span class='ocrx_word' id='word_1_388' title='bbox 3640 562 3765 630; x_wconf 78' lang='lat' dir='ltr'><strong><em>quia</em></strong></span> 
     </span>
    </p>
   </div>
   <div class='ocr_carea' id='block_1_50' title="bbox 2136 653 3765 726">
    <p class='ocr_par' dir='ltr' id='par_1_50' title="bbox 2136 653 3765 726">
     <span class='ocr_line' id='line_1_50' title="bbox 2136 653 3765 726; baseline -0.003 -13"><span class='ocrx_word' id='word_1_389' title='bbox 2136 659 2180 713; x_wconf 89' lang='lat' dir='ltr'><strong><em>si</em></strong></span> <span class='ocrx_word' id='word_1_390' title='bbox 2209 657 2312 711; x_wconf 90' lang='lat' dir='ltr'><strong><em>hoc</em></strong></span> <span class='ocrx_word' id='word_1_391' title='bbox 2352 655 2497 726; x_wconf 87' lang='lat' dir='ltr'><strong><em>quod</em></strong></span> <span class='ocrx_word' id='word_1_392' title='bbox 2527 664 2651 709; x_wconf 92' lang='lat' dir='ltr'><strong><em>sunt</em></strong></span> <span class='ocrx_word' id='word_1_393' title='bbox 2678 662 2957 723; x_wconf 90' lang='lat' dir='ltr'><strong><em>utcunque</em></strong></span> <span class='ocrx_word' id='word_1_394' title='bbox 2982 653 3353 719; x_wconf 80' lang='lat' dir='ltr'><strong><em>attenderem,</em></strong></span> <span class='ocrx_word' id='word_1_395' title='bbox 3386 668 3765 724; x_wconf 77' lang='lat' dir='ltr'><strong><em>nequaquam</em></strong></span> 
     </span>
    </p>
   </div>
   <div class='ocr_carea' id='block_1_51' title="bbox 2135 742 3767 817">
    <p class='ocr_par' dir='ltr' id='par_1_51' title="bbox 2135 742 3767 817">
     <span class='ocr_line' id='line_1_51' title="bbox 2135 742 3767 817; baseline -0.003 -15"><span class='ocrx_word' id='word_1_396' title='bbox 2135 762 2230 803; x_wconf 91' lang='lat' dir='ltr'><strong><em>eos</em></strong></span> <span class='ocrx_word' id='word_1_397' title='bbox 2254 762 2351 817; x_wconf 91' lang='lat' dir='ltr'><strong><em>per</em></strong></span> <span class='ocrx_word' id='word_1_398' title='bbox 2377 754 2455 801; x_wconf 90' lang='lat' dir='ltr'><strong><em>tot</em></strong></span> <span class='ocrx_word' id='word_1_399' title='bbox 2494 745 2773 800; x_wconf 87' lang='lat' dir='ltr'><strong><em>varietatis</em></strong></span> <span class='ocrx_word' id='word_1_400' title='bbox 2820 746 2991 799; x_wconf 86' lang='lat' dir='ltr'><strong><em>latera</em></strong></span> <span class='ocrx_word' id='word_1_401' title='bbox 3021 742 3410 799; x_wconf 82' lang='lat' dir='ltr'><strong><em>mutabilitatis</em></strong></span> <span class='ocrx_word' id='word_1_402' title='bbox 3442 759 3601 797; x_wconf 86' lang='lat' dir='ltr'><strong><em>aura</em></strong></span> <span class='ocrx_word' id='word_1_403' title='bbox 3644 758 3767 797; x_wconf 74' lang='lat' dir='ltr'><strong><em>ver-</em></strong></span> 
     </span>
    </p>
   </div>
   <div class='ocr_carea' id='block_1_52' title="bbox 2136 834 3767 907">
    <p class='ocr_par' dir='ltr' id='par_1_52' title="bbox 2136 834 3767 907">
     <span class='ocr_line' id='line_1_52' title="bbox 2136 834 3767 907; baseline -0.002 -15"><span class='ocrx_word' id='word_1_404' title='bbox 2136 850 2301 893; x_wconf 88' lang='lat' dir='ltr'><strong><em>saret.</em></strong></span> <span class='ocrx_word' id='word_1_405' title='bbox 2326 836 2435 893; x_wconf 82' lang='lat' dir='ltr'><strong><em>illis</em></strong></span> <span class='ocrx_word' id='word_1_406' title='bbox 2454 851 2551 907; x_wconf 88' lang='lat' dir='ltr'><strong><em>per</em></strong></span> <span class='ocrx_word' id='word_1_407' title='bbox 2575 836 2799 890; x_wconf 86' lang='lat' dir='ltr'><strong><em>Paulum</em></strong></span> <span class='ocrx_word' id='word_1_408' title='bbox 2822 835 3017 891; x_wconf 89' lang='lat' dir='ltr'><strong><em>dicitur</em></strong></span> <span class='ocrx_word' id='word_1_409' title='bbox 3056 853 3069 888; x_wconf 92' lang='lat'><strong>:</strong></span> <span class='ocrx_word' id='word_1_410' title='bbox 3102 834 3284 889; x_wconf 81' lang='lat' dir='ltr'><strong><em>Nolite</em></strong></span> <span class='ocrx_word' id='word_1_411' title='bbox 3305 836 3619 905; x_wconf 82' lang='lat' dir='ltr'><strong><em>prudentes</em></strong></span> <span class='ocrx_word' id='word_1_412' title='bbox 3657 852 3767 889; x_wconf 78' lang='lat' dir='ltr'><strong><em>esse</em></strong></span> 
     </span>
    </p>
   </div>
   <div class='ocr_carea' id='block_1_53' title="bbox 2136 926 3765 1000">
    <p class='ocr_par' dir='ltr' id='par_1_53' title="bbox 2136 926 3765 1000">
     <span class='ocr_line' id='line_1_53' title="bbox 2136 926 3765 1000; baseline -0.004 -17"><span class='ocrx_word' id='word_1_413' title='bbox 2136 929 2278 1000; x_wconf 86' lang='lat' dir='ltr'><strong><em>apud</em></strong></span> <span class='ocrx_word' id='word_1_414' title='bbox 2311 931 2678 999; x_wconf 84' lang='lat' dir='ltr'><strong><em>vosmetipsos;</em></strong></span> <span class='ocrx_word' id='word_1_415' title='bbox 2718 936 2773 981; x_wconf 87' lang='lat' dir='ltr'><strong><em>at</em></strong></span> <span class='ocrx_word' id='word_1_416' title='bbox 2798 934 2987 982; x_wconf 85' lang='lat' dir='ltr'><strong><em>contra</em></strong></span> <span class='ocrx_word' id='word_1_417' title='bbox 3012 926 3106 981; x_wconf 88' lang='lat' dir='ltr'><strong><em>isti</em></strong></span> <span class='ocrx_word' id='word_1_418' title='bbox 3132 926 3369 981; x_wconf 87' lang='lat' dir='ltr'><strong><em>audiunt</em></strong></span> <span class='ocrx_word' id='word_1_419' title='bbox 3402 944 3416 981; x_wconf 91' lang='lat'><strong>:</strong></span> <span class='ocrx_word' id='word_1_420' title='bbox 3471 926 3619 980; x_wconf 77' lang='lat' dir='ltr'><strong><em>Non</em></strong></span> <span class='ocrx_word' id='word_1_421' title='bbox 3661 928 3765 979; x_wconf 64' lang='lat' dir='ltr'><strong><em>cis.</em></strong></span> 
     </span>
    </p>
   </div>
   <div class='ocr_carea' id='block_1_54' title="bbox 2138 1016 3510 1088">
    <p class='ocr_par' dir='ltr' id='par_1_54' title="bbox 2138 1016 3510 1088">
     <span class='ocr_line' id='line_1_54' title="bbox 2138 1016 3510 1088; baseline -0.002 -15"><span class='ocrx_word' id='word_1_422' title='bbox 2138 1019 2491 1088; x_wconf 82' lang='lat' dir='ltr'><strong><em>cumferarnur</em></strong></span> <span class='ocrx_word' id='word_1_423' title='bbox 2520 1018 2659 1072; x_wconf 85' lang='lat' dir='ltr'><strong><em>omni</em></strong></span> <span class='ocrx_word' id='word_1_424' title='bbox 2683 1026 2831 1072; x_wconf 87' lang='lat' dir='ltr'><strong><em>vento</em></strong></span> <span class='ocrx_word' id='word_1_425' title='bbox 2857 1017 3111 1071; x_wconf 70' lang='lat' dir='ltr'><strong><em>doctrina!</em></strong></span> <span class='ocrx_word' id='word_1_426' title='bbox 3136 1016 3363 1087; x_wconf 82' lang='lat' dir='ltr'><strong><em>(Ephes.</em></strong></span> <span class='ocrx_word' id='word_1_427' title='bbox 3397 1016 3510 1087; x_wconf 84' lang='lat' dir='ltr'><strong><em>tv).</em></strong></span> 
     </span>
    </p>
   </div>
   <div class='ocr_carea' id='block_1_55' title="bbox 2213 1105 3767 1181">
    <p class='ocr_par' dir='ltr' id='par_1_55' title="bbox 2213 1105 3767 1181">
     <span class='ocr_line' id='line_1_55' title="bbox 2213 1105 3767 1181; baseline -0.001 -17"><span class='ocrx_word' id='word_1_428' title='bbox 2213 1108 2363 1164; x_wconf 87' lang='lat' dir='ltr'><strong><em>Nulli</em></strong></span> <span class='ocrx_word' id='word_1_429' title='bbox 2398 1108 2594 1163; x_wconf 88' lang='lat' dir='ltr'><strong><em>malum</em></strong></span> <span class='ocrx_word' id='word_1_430' title='bbox 2630 1124 2723 1178; x_wconf 86' lang='lat' dir='ltr'><strong><em>pro</em></strong></span> <span class='ocrx_word' id='word_1_431' title='bbox 2749 1105 2891 1162; x_wconf 90' lang='lat' dir='ltr'><strong><em>malo</em></strong></span> <span class='ocrx_word' id='word_1_432' title='bbox 2920 1107 3212 1162; x_wconf 73' lang='lat' dir='ltr'><strong><em>recidentes.</em></strong></span> <span class='ocrx_word' id='word_1_433' title='bbox 3241 1106 3499 1181; x_wconf 83' lang='lat' dir='ltr'><strong><em>(Ambr.)</em></strong></span> <span class='ocrx_word' id='word_1_434' title='bbox 3534 1105 3662 1162; x_wconf 80' lang='lat' dir='ltr'><strong><em>Hoc</em></strong></span> <span class='ocrx_word' id='word_1_435' title='bbox 3686 1118 3767 1161; x_wconf 74' lang='lat' dir='ltr'><strong><em>est</em></strong></span> 
     </span>
    </p>
   </div>
   <div class='ocr_carea' id='block_1_56' title="bbox 2139 1197 3767 1270">
    <p class='ocr_par' dir='ltr' id='par_1_56' title="bbox 2139 1197 3767 1270">
     <span class='ocr_line' id='line_1_56' title="bbox 2139 1197 3767 1270; baseline -0.001 -15"><span class='ocrx_word' id='word_1_436' title='bbox 2139 1200 2283 1270; x_wconf 87' lang='lat' dir='ltr'><strong><em>quod</em></strong></span> <span class='ocrx_word' id='word_1_437' title='bbox 2330 1199 2459 1255; x_wconf 87' lang='lat' dir='ltr'><strong><em>dicit</em></strong></span> <span class='ocrx_word' id='word_1_438' title='bbox 2511 1199 2812 1254; x_wconf 86' lang='lat' dir='ltr'><strong><em>Dominus:</em></strong></span> <span class='ocrx_word' id='word_1_439' title='bbox 2857 1197 2982 1253; x_wconf 83' lang='lat' dir='ltr'><strong><em>Nisi</em></strong></span> <span class='ocrx_word' id='word_1_440' title='bbox 3024 1198 3379 1253; x_wconf 80' lang='lat' dir='ltr'><strong><em>abundaverit</em></strong></span> <span class='ocrx_word' id='word_1_441' title='bbox 3404 1198 3653 1269; x_wconf 83' lang='lat' dir='ltr'><strong><em>justitia</em></strong></span> <span class='ocrx_word' id='word_1_442' title='bbox 3688 1217 3767 1253; x_wconf 71' lang='lat' dir='ltr'><strong><em>re-</em></strong></span> 
     </span>
    </p>
   </div>
   <div class='ocr_carea' id='block_1_57' title="bbox 2139 1292 3759 1367">
    <p class='ocr_par' dir='ltr' id='par_1_57' title="bbox 2139 1292 3759 1367">
     <span class='ocr_line' id='line_1_57' title="bbox 2139 1292 3759 1367; baseline -0.001 -17"><span class='ocrx_word' id='word_1_443' title='bbox 2139 1306 2249 1350; x_wconf 86' lang='lat' dir='ltr'><strong><em>stra</em></strong></span> <span class='ocrx_word' id='word_1_444' title='bbox 2273 1294 2546 1367; x_wconf 81' lang='lat' dir='ltr'><strong><em>plusquam</em></strong></span> <span class='ocrx_word' id='word_1_445' title='bbox 2568 1294 2858 1349; x_wconf 87' lang='lat' dir='ltr'><strong><em>scribarum</em></strong></span> <span class='ocrx_word' id='word_1_446' title='bbox 2874 1303 2926 1349; x_wconf 88' lang='lat' dir='ltr'><strong><em>et</em></strong></span> <span class='ocrx_word' id='word_1_447' title='bbox 2960 1292 3387 1361; x_wconf 67' lang='lat' dir='ltr'><strong><em>Pharisaeorum,</em></strong></span> <span class='ocrx_word' id='word_1_448' title='bbox 3434 1310 3558 1349; x_wconf 76' lang='lat' dir='ltr'><strong><em>non</em></strong></span> <span class='ocrx_word' id='word_1_449' title='bbox 3591 1299 3759 1349; x_wconf 73' lang='lat' dir='ltr'><strong><em>intra-</em></strong></span> 
     </span>
    </p>
   </div>
   <div class='ocr_carea' id='block_1_58' title="bbox 2141 1381 3765 1454">
    <p class='ocr_par' dir='ltr' id='par_1_58' title="bbox 2141 1381 3765 1454">
     <span class='ocr_line' id='line_1_58' title="bbox 2141 1381 3765 1454; baseline -0.001 -15"><span class='ocrx_word' id='word_1_450' title='bbox 2141 1384 2261 1439; x_wconf 87' lang='lat' dir='ltr'><strong><em>bitis</em></strong></span> <span class='ocrx_word' id='word_1_451' title='bbox 2294 1384 2355 1438; x_wconf 88' lang='lat' dir='ltr'><strong><em>in</em></strong></span> <span class='ocrx_word' id='word_1_452' title='bbox 2385 1399 2598 1454; x_wconf 81' lang='lat' dir='ltr'><strong><em>regnum</em></strong></span> <span class='ocrx_word' id='word_1_453' title='bbox 2631 1382 2729 1437; x_wconf 88' lang='lat' dir='ltr'><strong><em>Dei</em></strong></span> <span class='ocrx_word' id='word_1_454' title='bbox 2766 1381 2982 1452; x_wconf 81' lang='lat' dir='ltr'><strong><em>(Matth.</em></strong></span> <span class='ocrx_word' id='word_1_455' title='bbox 3030 1381 3107 1454; x_wconf 88' lang='lat' dir='ltr'><strong><em>v).</em></strong></span> <span class='ocrx_word' id='word_1_456' title='bbox 3137 1381 3465 1439; x_wconf 76' lang='lat' dir='ltr'><strong><em>Mandatum</em></strong></span> <span class='ocrx_word' id='word_1_457' title='bbox 3498 1384 3666 1439; x_wconf 85' lang='lat' dir='ltr'><strong><em>enim</em></strong></span> <span class='ocrx_word' id='word_1_458' title='bbox 3714 1386 3765 1437; x_wconf 76' lang='lat' dir='ltr'><strong><em>in</em></strong></span> 
     </span>
    </p>
   </div>
   <div class='ocr_carea' id='block_1_59' title="bbox 2140 1472 3767 1546">
    <p class='ocr_par' dir='ltr' id='par_1_59' title="bbox 2140 1472 3767 1546">
     <span class='ocr_line' id='line_1_59' title="bbox 2140 1472 3767 1546; baseline -0.001 -17"><span class='ocrx_word' id='word_1_459' title='bbox 2140 1475 2257 1546; x_wconf 82' lang='lat' dir='ltr'><strong><em>lege</em></strong></span> <span class='ocrx_word' id='word_1_460' title='bbox 2284 1483 2402 1531; x_wconf 89' lang='lat' dir='ltr'><strong><em>erat</em></strong></span> <span class='ocrx_word' id='word_1_461' title='bbox 2434 1492 2446 1526; x_wconf 89' lang='lat'><strong>:</strong></span> <span class='ocrx_word' id='word_1_462' title='bbox 2488 1472 2684 1544; x_wconf 85' lang='lat' dir='ltr'><strong><em>Diliges</em></strong></span> <span class='ocrx_word' id='word_1_463' title='bbox 2725 1473 3021 1542; x_wconf 70' lang='lat' dir='ltr'><strong><em>proximum</em></strong></span> <span class='ocrx_word' id='word_1_464' title='bbox 3063 1482 3209 1529; x_wconf 86' lang='lat' dir='ltr'><strong><em>tuum</em></strong></span> <span class='ocrx_word' id='word_1_465' title='bbox 3249 1482 3302 1528; x_wconf 84' lang='lat' dir='ltr'><strong><em>et</em></strong></span> <span class='ocrx_word' id='word_1_466' title='bbox 3340 1475 3479 1528; x_wconf 85' lang='lat' dir='ltr'><strong><em>odio</em></strong></span> <span class='ocrx_word' id='word_1_467' title='bbox 3537 1475 3767 1528; x_wconf 70' lang='lat' dir='ltr'><strong><em>habebis</em></strong></span> 
     </span>
    </p>
   </div>
   <div class='ocr_carea' id='block_1_60' title="bbox 2138 1562 3767 1633">
    <p class='ocr_par' dir='ltr' id='par_1_60' title="bbox 2138 1562 3767 1633">
     <span class='ocr_line' id='line_1_60' title="bbox 2138 1562 3767 1633; baseline -0.001 -11"><span class='ocrx_word' id='word_1_468' title='bbox 2138 1567 2411 1622; x_wconf 87' lang='lat' dir='ltr'><strong><em>inimicum</em></strong></span> <span class='ocrx_word' id='word_1_469' title='bbox 2454 1575 2620 1619; x_wconf 85' lang='lat' dir='ltr'><strong><em>tuum.</em></strong></span> <span class='ocrx_word' id='word_1_470' title='bbox 2667 1563 2815 1630; x_wconf 65' lang='lat' dir='ltr'><strong><em>Haec,</em></strong></span> <span class='ocrx_word' id='word_1_471' title='bbox 2837 1572 3097 1633; x_wconf 90' lang='lat' dir='ltr'><strong><em>quantum</em></strong></span> <span class='ocrx_word' id='word_1_472' title='bbox 3118 1563 3353 1628; x_wconf 87' lang='lat' dir='ltr'><strong><em>videtur,</em></strong></span> <span class='ocrx_word' id='word_1_473' title='bbox 3379 1562 3623 1632; x_wconf 74' lang='lat' dir='ltr'><strong><em>iustitia</em></strong></span> <span class='ocrx_word' id='word_1_474' title='bbox 3656 1576 3767 1627; x_wconf 77' lang='lat' dir='ltr'><strong><em>est;</em></strong></span> 
     </span>
    </p>
   </div>
   <div class='ocr_carea' id='block_1_61' title="bbox 2144 1654 3770 1724">
    <p class='ocr_par' dir='ltr' id='par_1_61' title="bbox 2144 1654 3770 1724">
     <span class='ocr_line' id='line_1_61' title="bbox 2144 1654 3770 1724; baseline -0.002 -10"><span class='ocrx_word' id='word_1_475' title='bbox 2144 1659 2238 1714; x_wconf 86' lang='lat' dir='ltr'><strong><em>sed</em></strong></span> <span class='ocrx_word' id='word_1_476' title='bbox 2259 1665 2317 1712; x_wconf 90' lang='lat' dir='ltr'><strong><em>ut</em></strong></span> <span class='ocrx_word' id='word_1_477' title='bbox 2341 1657 2576 1712; x_wconf 85' lang='lat' dir='ltr'><strong><em>abundet</em></strong></span> <span class='ocrx_word' id='word_1_478' title='bbox 2608 1654 2819 1724; x_wconf 77' lang='lat' dir='ltr'><strong><em>iustitia</em></strong></span> <span class='ocrx_word' id='word_1_479' title='bbox 2847 1654 3305 1720; x_wconf 82' lang='lat' dir='ltr'><strong><em>Christianorum,</em></strong></span> <span class='ocrx_word' id='word_1_480' title='bbox 3335 1654 3639 1710; x_wconf 80' lang='lat' dir='ltr'><strong><em>docentur</em></strong></span> <span class='ocrx_word' id='word_1_481' title='bbox 3660 1671 3770 1710; x_wconf 75' lang='lat' dir='ltr'><strong><em>non</em></strong></span> 
     </span>
    </p>
   </div>
   <div class='ocr_carea' id='block_1_62' title="bbox 2070 1735 3773 1820">
    <p class='ocr_par' dir='ltr' id='par_1_62' title="bbox 2070 1735 3773 1820">
     <span class='ocr_line' id='line_1_62' title="bbox 2070 1735 3773 1820; baseline -0.001 -15"><span class='ocrx_word' id='word_1_482' title='bbox 2070 1735 2120 1797; x_wconf 85' lang='grc' dir='ltr'><strong>Β</strong></span> <span class='ocrx_word' id='word_1_483' title='bbox 2147 1750 2371 1805; x_wconf 85' lang='lat' dir='ltr'><strong><em>reddere</em></strong></span> <span class='ocrx_word' id='word_1_484' title='bbox 2401 1748 2603 1819; x_wconf 80' lang='lat' dir='ltr'><strong><em>malum</em></strong></span> <span class='ocrx_word' id='word_1_485' title='bbox 2620 1763 2720 1820; x_wconf 90' lang='lat' dir='ltr'><strong><em>pro</em></strong></span> <span class='ocrx_word' id='word_1_486' title='bbox 2738 1746 2903 1813; x_wconf 91' lang='lat' dir='ltr'><strong><em>maio,</em></strong></span> <span class='ocrx_word' id='word_1_487' title='bbox 2932 1754 2994 1801; x_wconf 93' lang='lat' dir='ltr'><strong><em>ut</em></strong></span> <span class='ocrx_word' id='word_1_488' title='bbox 3011 1746 3238 1818; x_wconf 87' lang='lat' dir='ltr'><strong><em>perfecti</em></strong></span> <span class='ocrx_word' id='word_1_489' title='bbox 3258 1746 3396 1812; x_wconf 87' lang='lat' dir='ltr'><strong><em>sint,</em></strong></span> <span class='ocrx_word' id='word_1_490' title='bbox 3431 1756 3496 1801; x_wconf 88' lang='lat' dir='ltr'><strong><em>et</em></strong></span> <span class='ocrx_word' id='word_1_491' title='bbox 3526 1762 3638 1818; x_wconf 87' lang='lat' dir='ltr'><strong><em>pro</em></strong></span> <span class='ocrx_word' id='word_1_492' title='bbox 3672 1748 3773 1803; x_wconf 75' lang='lat' dir='ltr'><strong><em>hoc</em></strong></span> 
     </span>
    </p>
   </div>
   <div class='ocr_carea' id='block_1_63' title="bbox 2148 1828 3768 1909">
    <p class='ocr_par' dir='ltr' id='par_1_63' title="bbox 2148 1828 3768 1909">
     <span class='ocr_line' id='line_1_63' title="bbox 2148 1828 3768 1909; baseline -0.001 -14"><span class='ocrx_word' id='word_1_493' title='bbox 2148 1855 2358 1895; x_wconf 83' lang='lat' dir='ltr'><strong><em>merces</em></strong></span> <span class='ocrx_word' id='word_1_494' title='bbox 2396 1838 2501 1894; x_wconf 91' lang='lat' dir='ltr'><strong><em>illis</em></strong></span> <span class='ocrx_word' id='word_1_495' title='bbox 2528 1838 2784 1894; x_wconf 85' lang='lat' dir='ltr'><strong><em>reddatur</em></strong></span> <span class='ocrx_word' id='word_1_496' title='bbox 2812 1838 2868 1892; x_wconf 88' lang='lat' dir='ltr'><strong><em>in</em></strong></span> <span class='ocrx_word' id='word_1_497' title='bbox 2891 1828 3097 1907; x_wconf 87' lang='lat' dir='ltr'><strong><em>judicio</em></strong></span> <span class='ocrx_word' id='word_1_498' title='bbox 3124 1838 3242 1892; x_wconf 87' lang='lat' dir='ltr'><strong><em>Dei.</em></strong></span> <span class='ocrx_word' id='word_1_499' title='bbox 3280 1836 3504 1909; x_wconf 85' lang='lat' dir='ltr'><strong><em>(Orig.)</em></strong></span> <span class='ocrx_word' id='word_1_500' title='bbox 3540 1837 3610 1893; x_wconf 89' lang='lat' dir='ltr'><strong><em>Si</em></strong></span> <span class='ocrx_word' id='word_1_501' title='bbox 3660 1855 3768 1893; x_wconf 76' lang='lat' dir='ltr'><strong><em>ma-</em></strong></span> 
     </span>
    </p>
   </div>
   <div class='ocr_carea' id='block_1_64' title="bbox 2148 1928 3776 2000">
    <p class='ocr_par' dir='ltr' id='par_1_64' title="bbox 2148 1928 3776 2000">
     <span class='ocr_line' id='line_1_64' title="bbox 2148 1928 3776 2000; baseline -0.001 -14"><span class='ocrx_word' id='word_1_502' title='bbox 2148 1931 2257 1986; x_wconf 92' lang='lat' dir='ltr'><strong><em>lum</em></strong></span> <span class='ocrx_word' id='word_1_503' title='bbox 2288 1930 2492 1986; x_wconf 85' lang='lat' dir='ltr'><strong><em>inferre</em></strong></span> <span class='ocrx_word' id='word_1_504' title='bbox 2518 1942 2744 2000; x_wconf 85' lang='lat' dir='ltr'><strong><em>peccare</em></strong></span> <span class='ocrx_word' id='word_1_505' title='bbox 2788 1936 2894 1996; x_wconf 91' lang='lat' dir='ltr'><strong><em>est,</em></strong></span> <span class='ocrx_word' id='word_1_506' title='bbox 2930 1935 2987 1985; x_wconf 86' lang='lat' dir='ltr'><strong><em>et</em></strong></span> <span class='ocrx_word' id='word_1_507' title='bbox 3017 1929 3243 1985; x_wconf 83' lang='lat' dir='ltr'><strong><em>reddere</em></strong></span> <span class='ocrx_word' id='word_1_508' title='bbox 3285 1928 3517 1984; x_wconf 86' lang='lat' dir='ltr'><strong><em>malum</em></strong></span> <span class='ocrx_word' id='word_1_509' title='bbox 3548 1946 3692 1992; x_wconf 86' lang='lat' dir='ltr'><strong><em>non,</em></strong></span> <span class='ocrx_word' id='word_1_510' title='bbox 3720 1939 3776 1985; x_wconf 84' lang='lat' dir='ltr'><strong><em>ut</em></strong></span> 
     </span>
    </p>
   </div>
   <div class='ocr_carea' id='block_1_65' title="bbox 2149 2017 3771 2095">
    <p class='ocr_par' dir='ltr' id='par_1_65' title="bbox 2149 2017 3771 2095">
     <span class='ocr_line' id='line_1_65' title="bbox 2149 2017 3771 2095; baseline -0.002 -17"><span class='ocrx_word' id='word_1_511' title='bbox 2149 2022 2469 2095; x_wconf 88' lang='lat' dir='ltr'><strong><em>quibusdam</em></strong></span> <span class='ocrx_word' id='word_1_512' title='bbox 2496 2021 2729 2088; x_wconf 88' lang='lat' dir='ltr'><strong><em>videtur,</em></strong></span> <span class='ocrx_word' id='word_1_513' title='bbox 2751 2017 2959 2089; x_wconf 86' lang='lat' dir='ltr'><strong><em>justum</em></strong></span> <span class='ocrx_word' id='word_1_514' title='bbox 3000 2028 3102 2087; x_wconf 89' lang='lat' dir='ltr'><strong><em>est,</em></strong></span> <span class='ocrx_word' id='word_1_515' title='bbox 3130 2020 3225 2076; x_wconf 87' lang='lat' dir='ltr'><strong><em>sed</em></strong></span> <span class='ocrx_word' id='word_1_516' title='bbox 3252 2019 3444 2074; x_wconf 87' lang='lat' dir='ltr'><strong><em>simile</em></strong></span> <span class='ocrx_word' id='word_1_517' title='bbox 3476 2028 3771 2090; x_wconf 68' lang='lat' dir='ltr'><strong><em>peccatum</em></strong></span> 
     </span>
    </p>
   </div>
   <div class='ocr_carea' id='block_1_66' title="bbox 2148 2109 3771 2183">
    <p class='ocr_par' dir='ltr' id='par_1_66' title="bbox 2148 2109 3771 2183">
     <span class='ocr_line' id='line_1_66' title="bbox 2148 2109 3771 2183; baseline -0.001 -16"><span class='ocrx_word' id='word_1_518' title='bbox 2148 2121 2252 2180; x_wconf 89' lang='lat' dir='ltr'><strong><em>est,</em></strong></span> <span class='ocrx_word' id='word_1_519' title='bbox 2278 2120 2370 2166; x_wconf 89' lang='lat' dir='ltr'><strong><em>aut</em></strong></span> <span class='ocrx_word' id='word_1_520' title='bbox 2395 2120 2454 2167; x_wconf 92' lang='lat' dir='ltr'><strong><em>ut</em></strong></span> <span class='ocrx_word' id='word_1_521' title='bbox 2474 2127 2574 2183; x_wconf 86' lang='lat' dir='ltr'><strong><em>ego</em></strong></span> <span class='ocrx_word' id='word_1_522' title='bbox 2608 2110 2864 2179; x_wconf 87' lang='lat' dir='ltr'><strong><em>arbitror,</em></strong></span> <span class='ocrx_word' id='word_1_523' title='bbox 2886 2112 3048 2167; x_wconf 89' lang='lat' dir='ltr'><strong><em>etiam</em></strong></span> <span class='ocrx_word' id='word_1_524' title='bbox 3075 2110 3313 2183; x_wconf 76' lang='lat' dir='ltr'><strong><em>gravius.</em></strong></span> <span class='ocrx_word' id='word_1_525' title='bbox 3340 2109 3502 2166; x_wconf 80' lang='lat' dir='ltr'><strong><em>Nam</em></strong></span> <span class='ocrx_word' id='word_1_526' title='bbox 3542 2111 3642 2165; x_wconf 87' lang='lat' dir='ltr'><strong><em>ille</em></strong></span> <span class='ocrx_word' id='word_1_527' title='bbox 3685 2112 3771 2181; x_wconf 72' lang='lat' dir='ltr'><strong><em>qui</em></strong></span> 
     </span>
    </p>
   </div>
   <div class='ocr_carea' id='block_1_67' title="bbox 2149 2203 3775 2278">
    <p class='ocr_par' dir='ltr' id='par_1_67' title="bbox 2149 2203 3775 2278">
     <span class='ocr_line' id='line_1_67' title="bbox 2149 2203 3775 2278; baseline -0.004 -15"><span class='ocrx_word' id='word_1_528' title='bbox 2149 2207 2350 2263; x_wconf 87' lang='lat' dir='ltr'><strong><em>malum</em></strong></span> <span class='ocrx_word' id='word_1_529' title='bbox 2371 2206 2521 2278; x_wconf 86' lang='lat' dir='ltr'><strong><em>prior</em></strong></span> <span class='ocrx_word' id='word_1_530' title='bbox 2547 2204 2732 2260; x_wconf 90' lang='lat' dir='ltr'><strong><em>intulit</em></strong></span> <span class='ocrx_word' id='word_1_531' title='bbox 2756 2220 2863 2260; x_wconf 92' lang='lat' dir='ltr'><strong><em>non</em></strong></span> <span class='ocrx_word' id='word_1_532' title='bbox 2884 2204 3055 2261; x_wconf 88' lang='lat' dir='ltr'><strong><em>sensit</em></strong></span> <span class='ocrx_word' id='word_1_533' title='bbox 3084 2203 3282 2259; x_wconf 90' lang='lat' dir='ltr'><strong><em>malum</em></strong></span> <span class='ocrx_word' id='word_1_534' title='bbox 3312 2219 3448 2261; x_wconf 84' lang='lat' dir='ltr'><strong><em>esse</em></strong></span> <span class='ocrx_word' id='word_1_535' title='bbox 3466 2245 3487 2271; x_wconf 88' lang='lat'><strong><em>,</em></strong></span> <span class='ocrx_word' id='word_1_536' title='bbox 3517 2205 3681 2276; x_wconf 88' lang='lat' dir='ltr'><strong><em>quod</em></strong></span> <span class='ocrx_word' id='word_1_537' title='bbox 3701 2203 3775 2258; x_wconf 56' lang='lat' dir='ltr'><strong><em>fa.</em></strong></span> 
     </span>
    </p>
   </div>
   <div class='ocr_carea' id='block_1_68' title="bbox 2150 2295 3777 2368">
    <p class='ocr_par' dir='ltr' id='par_1_68' title="bbox 2150 2295 3777 2368">
     <span class='ocr_line' id='line_1_68' title="bbox 2150 2295 3777 2368; baseline -0.002 -13"><span class='ocrx_word' id='word_1_538' title='bbox 2150 2297 2452 2368; x_wconf 85' lang='lat' dir='ltr'><strong><em>ceret:qui</em></strong></span> <span class='ocrx_word' id='word_1_539' title='bbox 2498 2305 2677 2353; x_wconf 88' lang='lat' dir='ltr'><strong><em>autem</em></strong></span> <span class='ocrx_word' id='word_1_540' title='bbox 2709 2296 2885 2353; x_wconf 87' lang='lat' dir='ltr'><strong><em>reddit</em></strong></span> <span class='ocrx_word' id='word_1_541' title='bbox 2928 2295 3147 2362; x_wconf 89' lang='lat' dir='ltr'><strong><em>malum,</em></strong></span> <span class='ocrx_word' id='word_1_542' title='bbox 3175 2311 3242 2352; x_wconf 91' lang='lat' dir='ltr'><strong><em>eo</em></strong></span> <span class='ocrx_word' id='word_1_543' title='bbox 3266 2298 3391 2367; x_wconf 87' lang='lat' dir='ltr'><strong><em>ipso</em></strong></span> <span class='ocrx_word' id='word_1_544' title='bbox 3432 2312 3564 2368; x_wconf 88' lang='lat' dir='ltr'><strong><em>quo</em></strong></span> <span class='ocrx_word' id='word_1_545' title='bbox 3590 2297 3667 2353; x_wconf 85' lang='lat' dir='ltr'><strong><em>ad</em></strong></span> <span class='ocrx_word' id='word_1_546' title='bbox 3710 2297 3777 2351; x_wconf 82' lang='lat' dir='ltr'><strong><em>ul-</em></strong></span> 
     </span>
    </p>
   </div>
   <div class='ocr_carea' id='block_1_69' title="bbox 2150 2386 3774 2453">
    <p class='ocr_par' dir='ltr' id='par_1_69' title="bbox 2150 2386 3774 2453">
     <span class='ocr_line' id='line_1_69' title="bbox 2150 2386 3774 2453; baseline -0.001 -7"><span class='ocrx_word' id='word_1_547' title='bbox 2150 2389 2465 2446; x_wconf 88' lang='lat' dir='ltr'><strong><em>ciscendum</em></strong></span> <span class='ocrx_word' id='word_1_548' title='bbox 2492 2396 2576 2445; x_wconf 90' lang='lat' dir='ltr'><strong><em>est</em></strong></span> <span class='ocrx_word' id='word_1_549' title='bbox 2599 2397 2799 2453; x_wconf 87' lang='lat' dir='ltr'><strong><em>motus,</em></strong></span> <span class='ocrx_word' id='word_1_550' title='bbox 2844 2386 3123 2444; x_wconf 87' lang='lat' dir='ltr'><strong><em>confessus</em></strong></span> <span class='ocrx_word' id='word_1_551' title='bbox 3143 2394 3230 2443; x_wconf 88' lang='lat' dir='ltr'><strong><em>est</em></strong></span> <span class='ocrx_word' id='word_1_552' title='bbox 3249 2387 3521 2444; x_wconf 83' lang='lat' dir='ltr'><strong><em>sensisse</em></strong></span> <span class='ocrx_word' id='word_1_553' title='bbox 3550 2404 3618 2445; x_wconf 87' lang='lat' dir='ltr'><strong><em>se</em></strong></span> <span class='ocrx_word' id='word_1_554' title='bbox 3663 2404 3774 2444; x_wconf 80' lang='lat' dir='ltr'><strong><em>ma-</em></strong></span> 
     </span>
    </p>
   </div>
   <div class='ocr_carea' id='block_1_70' title="bbox 2152 2478 3778 2552">
    <p class='ocr_par' dir='ltr' id='par_1_70' title="bbox 2152 2478 3778 2552">
     <span class='ocr_line' id='line_1_70' title="bbox 2152 2478 3778 2552; baseline -0.001 -14"><span class='ocrx_word' id='word_1_555' title='bbox 2152 2481 2263 2538; x_wconf 91' lang='lat' dir='ltr'><strong><em>lum</em></strong></span> <span class='ocrx_word' id='word_1_556' title='bbox 2290 2496 2411 2537; x_wconf 87' lang='lat' dir='ltr'><strong><em>esse</em></strong></span> <span class='ocrx_word' id='word_1_557' title='bbox 2437 2480 2579 2552; x_wconf 90' lang='lat' dir='ltr'><strong><em>quod</em></strong></span> <span class='ocrx_word' id='word_1_558' title='bbox 2596 2478 2845 2546; x_wconf 88' lang='lat' dir='ltr'><strong><em>reddidit,</em></strong></span> <span class='ocrx_word' id='word_1_559' title='bbox 2881 2487 2933 2535; x_wconf 88' lang='lat' dir='ltr'><strong><em>et</em></strong></span> <span class='ocrx_word' id='word_1_560' title='bbox 2959 2478 3081 2536; x_wconf 89' lang='lat' dir='ltr'><strong><em>ideo</em></strong></span> <span class='ocrx_word' id='word_1_561' title='bbox 3101 2478 3530 2550; x_wconf 87' lang='lat' dir='ltr'><strong><em>respiciendum</em></strong></span> <span class='ocrx_word' id='word_1_562' title='bbox 3560 2495 3778 2551; x_wconf 77' lang='lat' dir='ltr'><strong><em>semper</em></strong></span> 
     </span>
    </p>
   </div>
   <div class='ocr_carea' id='block_1_71' title="bbox 2153 2566 3775 2642">
    <p class='ocr_par' dir='ltr' id='par_1_71' title="bbox 2153 2566 3775 2642">
     <span class='ocr_line' id='line_1_71' title="bbox 2153 2566 3775 2642; baseline -0.001 -13"><span class='ocrx_word' id='word_1_563' title='bbox 2153 2582 2240 2629; x_wconf 88' lang='lat' dir='ltr'><strong><em>est</em></strong></span> <span class='ocrx_word' id='word_1_564' title='bbox 2261 2573 2331 2628; x_wconf 92' lang='lat' dir='ltr'><strong><em>ad</em></strong></span> <span class='ocrx_word' id='word_1_565' title='bbox 2347 2587 2470 2627; x_wconf 88' lang='lat' dir='ltr'><strong><em>eum</em></strong></span> <span class='ocrx_word' id='word_1_566' title='bbox 2497 2570 2595 2641; x_wconf 86' lang='lat' dir='ltr'><strong><em>qui</em></strong></span> <span class='ocrx_word' id='word_1_567' title='bbox 2614 2570 2748 2626; x_wconf 78' lang='lat' dir='ltr'><strong><em>dixit</em></strong></span> <span class='ocrx_word' id='word_1_568' title='bbox 2774 2589 2788 2623; x_wconf 89' lang='lat'><strong>:</strong></span> <span class='ocrx_word' id='word_1_569' title='bbox 2817 2569 2953 2625; x_wconf 76' lang='lat' dir='ltr'><strong><em>Mihi</em></strong></span> <span class='ocrx_word' id='word_1_570' title='bbox 2981 2566 3285 2639; x_wconf 83' lang='lat' dir='ltr'><strong><em>vindictam,</em></strong></span> <span class='ocrx_word' id='word_1_571' title='bbox 3316 2587 3419 2642; x_wconf 83' lang='lat' dir='ltr'><strong><em>ego</em></strong></span> <span class='ocrx_word' id='word_1_572' title='bbox 3445 2572 3775 2635; x_wconf 63' lang='lat' dir='ltr'><strong><em>retribuam,</em></strong></span> 
     </span>
    </p>
   </div>
   <div class='ocr_carea' id='block_1_72' title="bbox 2154 2656 2995 2733">
    <p class='ocr_par' dir='ltr' id='par_1_72' title="bbox 2154 2656 2995 2733">
     <span class='ocr_line' id='line_1_72' title="bbox 2154 2656 2995 2733; baseline -0.004 -14"><span class='ocrx_word' id='word_1_573' title='bbox 2154 2664 2281 2719; x_wconf 85' lang='lat' dir='ltr'><strong><em>dicit</em></strong></span> <span class='ocrx_word' id='word_1_574' title='bbox 2303 2663 2556 2717; x_wconf 86' lang='lat' dir='ltr'><strong><em>Dominus</em></strong></span> <span class='ocrx_word' id='word_1_575' title='bbox 2588 2659 2774 2732; x_wconf 86' lang='lat' dir='ltr'><strong><em>(Hebr.</em></strong></span> <span class='ocrx_word' id='word_1_576' title='bbox 2798 2661 2877 2733; x_wconf 70' lang='grc' dir='ltr'><strong><em>ι).</em></strong></span> <span class='ocrx_word' id='word_1_577' title='bbox 2992 2656 2995 2663; x_wconf 29' lang='grc' dir='ltr'>ι</span> 
     </span>
    </p>
   </div>
   <div class='ocr_carea' id='block_1_73' title="bbox 2228 2752 3771 2819">
    <p class='ocr_par' dir='ltr' id='par_1_73' title="bbox 2228 2752 3771 2819">
     <span class='ocr_line' id='line_1_73' title="bbox 2228 2752 3771 2819; baseline -0.001 -10"><span class='ocrx_word' id='word_1_578' title='bbox 2228 2755 2570 2811; x_wconf 86' lang='lat' dir='ltr'><strong><em>Providentes</em></strong></span> <span class='ocrx_word' id='word_1_579' title='bbox 2594 2755 2729 2809; x_wconf 89' lang='lat' dir='ltr'><strong><em>bona</em></strong></span> <span class='ocrx_word' id='word_1_580' title='bbox 2754 2771 2859 2808; x_wconf 87' lang='lat' dir='ltr'><strong><em>non</em></strong></span> <span class='ocrx_word' id='word_1_581' title='bbox 2882 2763 3085 2809; x_wconf 87' lang='lat' dir='ltr'><strong><em>tantum</em></strong></span> <span class='ocrx_word' id='word_1_582' title='bbox 3114 2770 3295 2809; x_wconf 86' lang='lat' dir='ltr'><strong><em>coram</em></strong></span> <span class='ocrx_word' id='word_1_583' title='bbox 3315 2752 3458 2819; x_wconf 91' lang='lat' dir='ltr'><strong><em>Deo,</em></strong></span> <span class='ocrx_word' id='word_1_584' title='bbox 3484 2756 3593 2809; x_wconf 79' lang='lat' dir='ltr'><strong><em>sed</em></strong></span> <span class='ocrx_word' id='word_1_585' title='bbox 3619 2756 3771 2809; x_wconf 71' lang='lat' dir='ltr'><strong><em>etiam</em></strong></span> 
     </span>
    </p>
   </div>
   <div class='ocr_carea' id='block_1_74' title="bbox 2157 2842 3771 2915">
    <p class='ocr_par' dir='ltr' id='par_1_74' title="bbox 2157 2842 3771 2915">
     <span class='ocr_line' id='line_1_74' title="bbox 2157 2842 3771 2915; baseline -0.001 -13"><span class='ocrx_word' id='word_1_586' title='bbox 2157 2864 2333 2902; x_wconf 88' lang='lat' dir='ltr'><strong><em>coram</em></strong></span> <span class='ocrx_word' id='word_1_587' title='bbox 2373 2846 2610 2901; x_wconf 89' lang='lat' dir='ltr'><strong><em>omnibus</em></strong></span> <span class='ocrx_word' id='word_1_588' title='bbox 2659 2845 2978 2899; x_wconf 88' lang='lat' dir='ltr'><strong><em>hominibus.</em></strong></span> <span class='ocrx_word' id='word_1_589' title='bbox 3028 2844 3267 2915; x_wconf 68' lang='lat' dir='ltr'><strong><em>(Ambn)</em></strong></span> <span class='ocrx_word' id='word_1_590' title='bbox 3322 2842 3647 2901; x_wconf 74' lang='lat' dir='ltr'><strong><em>Providere</em></strong></span> <span class='ocrx_word' id='word_1_591' title='bbox 3694 2856 3771 2901; x_wconf 51' lang='lat' dir='ltr'><strong>ﬂ</strong></span> 
     </span>
    </p>
   </div>
   <div class='ocr_carea' id='block_1_75' title="bbox 2156 2936 3771 3008">
    <p class='ocr_par' dir='ltr' id='par_1_75' title="bbox 2156 2936 3771 3008">
     <span class='ocr_line' id='line_1_75' title="bbox 2156 2936 3771 3008; baseline -0.002 -13"><span class='ocrx_word' id='word_1_592' title='bbox 2156 2940 2298 2995; x_wconf 90' lang='lat' dir='ltr'><strong><em>bona</em></strong></span> <span class='ocrx_word' id='word_1_593' title='bbox 2320 2938 2500 2994; x_wconf 89' lang='lat' dir='ltr'><strong><em>futura</em></strong></span> <span class='ocrx_word' id='word_1_594' title='bbox 2523 2945 2648 2993; x_wconf 88' lang='lat' dir='ltr'><strong><em>ante</em></strong></span> <span class='ocrx_word' id='word_1_595' title='bbox 2671 2936 2858 2992; x_wconf 89' lang='lat' dir='ltr'><strong><em>oculos</em></strong></span> <span class='ocrx_word' id='word_1_596' title='bbox 2878 2936 3100 3002; x_wconf 82' lang='lat' dir='ltr'><strong><em>habere,</em></strong></span> <span class='ocrx_word' id='word_1_597' title='bbox 3130 2944 3276 2992; x_wconf 91' lang='lat' dir='ltr'><strong><em>utea</em></strong></span> <span class='ocrx_word' id='word_1_598' title='bbox 3316 2946 3603 3008; x_wconf 81' lang='lat' dir='ltr'><strong><em>gerantur</em></strong></span> <span class='ocrx_word' id='word_1_599' title='bbox 3652 2955 3771 3008; x_wconf 61' lang='lat' dir='ltr'><strong><em>qu:</em></strong></span> 
     </span>
    </p>
   </div>
   <div class='ocr_carea' id='block_1_76' title="bbox 2158 3028 3769 3104">
    <p class='ocr_par' dir='ltr' id='par_1_76' title="bbox 2158 3028 3769 3104">
     <span class='ocr_line' id='line_1_76' title="bbox 2158 3028 3769 3104; baseline -0.001 -16"><span class='ocrx_word' id='word_1_600' title='bbox 2158 3033 2387 3104; x_wconf 89' lang='lat' dir='ltr'><strong><em>possint,</em></strong></span> <span class='ocrx_word' id='word_1_601' title='bbox 2415 3039 2702 3103; x_wconf 84' lang='lat' dir='ltr'><strong><em>postquam</em></strong></span> <span class='ocrx_word' id='word_1_602' title='bbox 2729 3028 2871 3086; x_wconf 84' lang='lat' dir='ltr'><strong><em>facta</em></strong></span> <span class='ocrx_word' id='word_1_603' title='bbox 2913 3030 3135 3095; x_wconf 85' lang='lat' dir='ltr'><strong><em>fuerint,</em></strong></span> <span class='ocrx_word' id='word_1_604' title='bbox 3166 3030 3221 3084; x_wconf 93' lang='lat' dir='ltr'><strong><em>in</em></strong></span> <span class='ocrx_word' id='word_1_605' title='bbox 3268 3031 3769 3100; x_wconf 72' lang='lat' dir='ltr'><strong><em>reprehensionem</em></strong></span> 
     </span>
    </p>
   </div>
   <div class='ocr_carea' id='block_1_77' title="bbox 2160 3121 3769 3195">
    <p class='ocr_par' dir='ltr' id='par_1_77' title="bbox 2160 3121 3769 3195">
     <span class='ocr_line' id='line_1_77' title="bbox 2160 3121 3769 3195; baseline -0.004 -12"><span class='ocrx_word' id='word_1_606' title='bbox 2160 3142 2269 3183; x_wconf 91' lang='lat' dir='ltr'><strong><em>non</em></strong></span> <span class='ocrx_word' id='word_1_607' title='bbox 2296 3126 2503 3192; x_wconf 87' lang='lat' dir='ltr'><strong><em>venire,</em></strong></span> <span class='ocrx_word' id='word_1_608' title='bbox 2544 3125 2639 3181; x_wconf 89' lang='lat' dir='ltr'><strong><em>sed</em></strong></span> <span class='ocrx_word' id='word_1_609' title='bbox 2666 3123 2838 3194; x_wconf 88' lang='lat' dir='ltr'><strong><em>magis</em></strong></span> <span class='ocrx_word' id='word_1_610' title='bbox 2858 3123 3002 3179; x_wconf 90' lang='lat' dir='ltr'><strong><em>laudi</em></strong></span> <span class='ocrx_word' id='word_1_611' title='bbox 3028 3137 3167 3188; x_wconf 89' lang='lat' dir='ltr'><strong><em>esse,</em></strong></span> <span class='ocrx_word' id='word_1_612' title='bbox 3216 3121 3337 3178; x_wconf 88' lang='lat' dir='ltr'><strong><em>sive</em></strong></span> <span class='ocrx_word' id='word_1_613' title='bbox 3387 3123 3535 3195; x_wconf 87' lang='lat' dir='ltr'><strong><em>apud</em></strong></span> <span class='ocrx_word' id='word_1_614' title='bbox 3564 3123 3769 3187; x_wconf 65' lang='lat' dir='ltr'><strong><em>Mm,</em></strong></span> 
     </span>
    </p>
   </div>
   <div class='ocr_carea' id='block_1_78' title="bbox 2160 3214 3759 3288">
    <p class='ocr_par' dir='ltr' id='par_1_78' title="bbox 2160 3214 3759 3288">
     <span class='ocr_line' id='line_1_78' title="bbox 2160 3214 3759 3288; baseline -0.003 -15"><span class='ocrx_word' id='word_1_615' title='bbox 2160 3219 2274 3274; x_wconf 87' lang='lat' dir='ltr'><strong><em>sive</em></strong></span> <span class='ocrx_word' id='word_1_616' title='bbox 2303 3217 2445 3288; x_wconf 90' lang='lat' dir='ltr'><strong><em>apud</em></strong></span> <span class='ocrx_word' id='word_1_617' title='bbox 2471 3218 2743 3273; x_wconf 91' lang='lat' dir='ltr'><strong><em>homines.</em></strong></span> <span class='ocrx_word' id='word_1_618' title='bbox 2770 3215 2849 3270; x_wconf 78' lang='lat' dir='ltr'><strong><em>Ne</em></strong></span> <span class='ocrx_word' id='word_1_619' title='bbox 2878 3214 3002 3286; x_wconf 90' lang='lat' dir='ltr'><strong><em>quis</em></strong></span> <span class='ocrx_word' id='word_1_620' title='bbox 3027 3215 3263 3270; x_wconf 63' lang='lat' dir='ltr'><strong><em>aestimet</em></strong></span> <span class='ocrx_word' id='word_1_621' title='bbox 3290 3215 3425 3286; x_wconf 87' lang='lat' dir='ltr'><strong><em>quia</em></strong></span> <span class='ocrx_word' id='word_1_622' title='bbox 3457 3215 3565 3269; x_wconf 83' lang='lat' dir='ltr'><strong><em>Deo</em></strong></span> <span class='ocrx_word' id='word_1_623' title='bbox 3600 3214 3759 3269; x_wconf 74' lang='lat' dir='ltr'><strong><em>licita</em></strong></span> 
     </span>
    </p>
   </div>
   <div class='ocr_carea' id='block_1_79' title="bbox 2160 3309 3769 3381">
    <p class='ocr_par' dir='ltr' id='par_1_79' title="bbox 2160 3309 3769 3381">
     <span class='ocr_line' id='line_1_79' title="bbox 2160 3309 3769 3381; baseline -0.002 -16"><span class='ocrx_word' id='word_1_624' title='bbox 2160 3325 2267 3368; x_wconf 91' lang='lat' dir='ltr'><strong><em>non</em></strong></span> <span class='ocrx_word' id='word_1_625' title='bbox 2288 3309 2594 3381; x_wconf 86' lang='lat' dir='ltr'><strong><em>displicent,</em></strong></span> <span class='ocrx_word' id='word_1_626' title='bbox 2620 3309 2822 3366; x_wconf 86' lang='lat' dir='ltr'><strong><em>idcirco</em></strong></span> <span class='ocrx_word' id='word_1_627' title='bbox 2857 3321 2967 3365; x_wconf 92' lang='lat' dir='ltr'><strong><em>non</em></strong></span> <span class='ocrx_word' id='word_1_628' title='bbox 3004 3309 3300 3364; x_wconf 89' lang='lat' dir='ltr'><strong><em>curandum</em></strong></span> <span class='ocrx_word' id='word_1_629' title='bbox 3326 3310 3377 3364; x_wconf 91' lang='lat' dir='ltr'><strong><em>si</em></strong></span> <span class='ocrx_word' id='word_1_630' title='bbox 3416 3309 3769 3364; x_wconf 79' lang='lat' dir='ltr'><strong><em>fratriscan-</em></strong></span> 
     </span>
    </p>
   </div>
   <div class='ocr_carea' id='block_1_80' title="bbox 2162 3400 3765 3473">
    <p class='ocr_par' dir='ltr' id='par_1_80' title="bbox 2162 3400 3765 3473">
     <span class='ocr_line' id='line_1_80' title="bbox 2162 3400 3765 3473; baseline -0.001 -14"><span class='ocrx_word' id='word_1_631' title='bbox 2162 3401 2285 3459; x_wconf 90' lang='lat' dir='ltr'><strong><em>daio</em></strong></span> <span class='ocrx_word' id='word_1_632' title='bbox 2309 3402 2452 3469; x_wconf 81' lang='lat' dir='ltr'><strong><em>sint-;</em></strong></span> <span class='ocrx_word' id='word_1_633' title='bbox 2484 3402 2589 3459; x_wconf 91' lang='lat' dir='ltr'><strong><em>hoc</em></strong></span> <span class='ocrx_word' id='word_1_634' title='bbox 2618 3410 2934 3473; x_wconf 67' lang='lat' dir='ltr'><strong><em>praemonet,</em></strong></span> <span class='ocrx_word' id='word_1_635' title='bbox 2955 3402 3080 3473; x_wconf 90' lang='lat' dir='ltr'><strong><em>quia</em></strong></span> <span class='ocrx_word' id='word_1_636' title='bbox 3106 3400 3238 3457; x_wconf 88' lang='lat' dir='ltr'><strong><em>illud</em></strong></span> <span class='ocrx_word' id='word_1_637' title='bbox 3262 3400 3378 3457; x_wconf 80' lang='lat' dir='ltr'><strong><em>ﬁeri</em></strong></span> <span class='ocrx_word' id='word_1_638' title='bbox 3404 3400 3603 3465; x_wconf 81' lang='lat' dir='ltr'><strong><em>debet,</em></strong></span> <span class='ocrx_word' id='word_1_639' title='bbox 3622 3402 3765 3472; x_wconf 79' lang='lat' dir='ltr'><strong><em>quod</em></strong></span> 
     </span>
    </p>
   </div>
   <div class='ocr_carea' id='block_1_81' title="bbox 2162 3492 3761 3564">
    <p class='ocr_par' dir='ltr' id='par_1_81' title="bbox 2162 3492 3761 3564">
     <span class='ocr_line' id='line_1_81' title="bbox 2162 3492 3761 3564; baseline -0.003 -13"><span class='ocrx_word' id='word_1_640' title='bbox 2162 3501 2218 3550; x_wconf 88' lang='lat' dir='ltr'><strong><em>et</em></strong></span> <span class='ocrx_word' id='word_1_641' title='bbox 2256 3494 2365 3551; x_wconf 90' lang='lat' dir='ltr'><strong><em>Deo</em></strong></span> <span class='ocrx_word' id='word_1_642' title='bbox 2404 3509 2512 3550; x_wconf 91' lang='lat' dir='ltr'><strong><em>non</em></strong></span> <span class='ocrx_word' id='word_1_643' title='bbox 2556 3492 2858 3564; x_wconf 87' lang='lat' dir='ltr'><strong><em>displiceat,</em></strong></span> <span class='ocrx_word' id='word_1_644' title='bbox 2896 3502 2952 3550; x_wconf 91' lang='lat' dir='ltr'><strong><em>et</em></strong></span> <span class='ocrx_word' id='word_1_645' title='bbox 3000 3492 3157 3563; x_wconf 87' lang='lat' dir='ltr'><strong><em>fratri</em></strong></span> <span class='ocrx_word' id='word_1_646' title='bbox 3186 3492 3442 3550; x_wconf 84' lang='lat' dir='ltr'><strong><em>seandalo</em></strong></span> <span class='ocrx_word' id='word_1_647' title='bbox 3490 3508 3613 3548; x_wconf 79' lang='lat' dir='ltr'><strong><em>non</em></strong></span> <span class='ocrx_word' id='word_1_648' title='bbox 3646 3494 3715 3549; x_wconf 85' lang='lat' dir='ltr'><strong><em>sit</em></strong></span> <span class='ocrx_word' id='word_1_649' title='bbox 3747 3511 3761 3546; x_wconf 90' lang='lat'><strong>:</strong></span> 
     </span>
    </p>
   </div>
   <div class='ocr_carea' id='block_1_82' title="bbox 2162 3582 3762 3653">
    <p class='ocr_par' dir='ltr' id='par_1_82' title="bbox 2162 3582 3762 3653">
     <span class='ocr_line' id='line_1_82' title="bbox 2162 3582 3762 3653; baseline -0.003 -12"><span class='ocrx_word' id='word_1_650' title='bbox 2162 3601 2229 3643; x_wconf 91' lang='lat' dir='ltr'><strong><em>ac</em></strong></span> <span class='ocrx_word' id='word_1_651' title='bbox 2264 3587 2311 3642; x_wconf 92' lang='lat' dir='ltr'><strong><em>si</em></strong></span> <span class='ocrx_word' id='word_1_652' title='bbox 2336 3585 2497 3641; x_wconf 86' lang='lat' dir='ltr'><strong><em>liceat</em></strong></span> <span class='ocrx_word' id='word_1_653' title='bbox 2520 3591 2576 3641; x_wconf 89' lang='lat' dir='ltr'><strong><em>et</em></strong></span> <span class='ocrx_word' id='word_1_654' title='bbox 2602 3583 2827 3641; x_wconf 83' lang='lat' dir='ltr'><strong><em>fratrem</em></strong></span> <span class='ocrx_word' id='word_1_655' title='bbox 2854 3582 3205 3650; x_wconf 88' lang='lat' dir='ltr'><strong><em>scandalizet,</em></strong></span> <span class='ocrx_word' id='word_1_656' title='bbox 3260 3583 3371 3638; x_wconf 89' lang='lat' dir='ltr'><strong><em>Deo</em></strong></span> <span class='ocrx_word' id='word_1_657' title='bbox 3401 3597 3517 3638; x_wconf 87' lang='lat' dir='ltr'><strong><em>non</em></strong></span> <span class='ocrx_word' id='word_1_658' title='bbox 3553 3583 3762 3653; x_wconf 75' lang='lat' dir='ltr'><strong><em>placet,</em></strong></span> 
     </span>
    </p>
   </div>
   <div class='ocr_carea' id='block_1_83' title="bbox 2164 3676 3762 3751">
    <p class='ocr_par' dir='ltr' id='par_1_83' title="bbox 2164 3676 3762 3751">
     <span class='ocr_line' id='line_1_83' title="bbox 2164 3676 3762 3751; baseline -0.001 -18"><span class='ocrx_word' id='word_1_659' title='bbox 2164 3678 2291 3751; x_wconf 90' lang='lat' dir='ltr'><strong><em>quia</em></strong></span> <span class='ocrx_word' id='word_1_660' title='bbox 2330 3679 2472 3737; x_wconf 85' lang='lat' dir='ltr'><strong><em>Deus</em></strong></span> <span class='ocrx_word' id='word_1_661' title='bbox 2499 3677 2659 3735; x_wconf 90' lang='lat' dir='ltr'><strong><em>saluti</em></strong></span> <span class='ocrx_word' id='word_1_662' title='bbox 2689 3677 3011 3745; x_wconf 85' lang='lat' dir='ltr'><strong><em>studendum</em></strong></span> <span class='ocrx_word' id='word_1_663' title='bbox 3059 3684 3245 3732; x_wconf 89' lang='lat' dir='ltr'><strong><em>monet</em></strong></span> <span class='ocrx_word' id='word_1_664' title='bbox 3268 3694 3279 3730; x_wconf 90' lang='lat'><strong>:</strong></span> <span class='ocrx_word' id='word_1_665' title='bbox 3303 3676 3383 3731; x_wconf 86' lang='lat' dir='ltr'><strong><em>sic</em></strong></span> <span class='ocrx_word' id='word_1_666' title='bbox 3404 3690 3540 3746; x_wconf 88' lang='lat' dir='ltr'><strong><em>ergo</em></strong></span> <span class='ocrx_word' id='word_1_667' title='bbox 3572 3678 3762 3745; x_wconf 75' lang='lat' dir='ltr'><strong><em>prori-</em></strong></span> 
     </span>
    </p>
   </div>
   <div class='ocr_carea' id='block_1_84' title="bbox 2166 3767 3769 3839">
    <p class='ocr_par' dir='ltr' id='par_1_84' title="bbox 2166 3767 3769 3839">
     <span class='ocr_line' id='line_1_84' title="bbox 2166 3767 3769 3839; baseline -0.001 -13"><span class='ocrx_word' id='word_1_668' title='bbox 2166 3769 2363 3839; x_wconf 88' lang='lat' dir='ltr'><strong><em>dentur</em></strong></span> <span class='ocrx_word' id='word_1_669' title='bbox 2389 3767 2533 3826; x_wconf 87' lang='lat' dir='ltr'><strong><em>bona</em></strong></span> <span class='ocrx_word' id='word_1_670' title='bbox 2560 3784 2745 3825; x_wconf 88' lang='lat' dir='ltr'><strong><em>coram</em></strong></span> <span class='ocrx_word' id='word_1_671' title='bbox 2770 3768 2881 3824; x_wconf 90' lang='lat' dir='ltr'><strong><em>Deo</em></strong></span> <span class='ocrx_word' id='word_1_672' title='bbox 2923 3778 2979 3827; x_wconf 89' lang='lat' dir='ltr'><strong><em>et</em></strong></span> <span class='ocrx_word' id='word_1_673' title='bbox 3013 3768 3339 3833; x_wconf 88' lang='lat' dir='ltr'><strong><em>hominibus,</em></strong></span> <span class='ocrx_word' id='word_1_674' title='bbox 3371 3768 3417 3823; x_wconf 91' lang='lat' dir='ltr'><strong><em>si</em></strong></span> <span class='ocrx_word' id='word_1_675' title='bbox 3447 3781 3514 3822; x_wconf 71' lang='grc' dir='ltr'>αι</span> <span class='ocrx_word' id='word_1_676' title='bbox 3546 3784 3682 3839; x_wconf 58' lang='lat' dir='ltr'><strong><em>qua</em></strong></span> <span class='ocrx_word' id='word_1_677' title='bbox 3709 3770 3769 3824; x_wconf 59' lang='lat' dir='ltr'><strong><em>lio</em></strong></span> 
     </span>
    </p>
   </div>
   <div class='ocr_carea' id='block_1_85' title="bbox 2168 3859 3771 3936">
    <p class='ocr_par' dir='ltr' id='par_1_85' title="bbox 2168 3859 3771 3936">
     <span class='ocr_line' id='line_1_85' title="bbox 2168 3859 3771 3936; baseline -0.001 -16"><span class='ocrx_word' id='word_1_678' title='bbox 2168 3871 2257 3920; x_wconf 90' lang='lat' dir='ltr'><strong><em>cet</em></strong></span> <span class='ocrx_word' id='word_1_679' title='bbox 2300 3863 2383 3931; x_wconf 89' lang='lat' dir='ltr'><strong><em>sic</em></strong></span> <span class='ocrx_word' id='word_1_680' title='bbox 2418 3870 2647 3936; x_wconf 87' lang='lat' dir='ltr'><strong><em>agantur</em></strong></span> <span class='ocrx_word' id='word_1_681' title='bbox 2684 3879 2753 3919; x_wconf 89' lang='lat' dir='ltr'><strong><em>ne</em></strong></span> <span class='ocrx_word' id='word_1_682' title='bbox 2790 3862 3101 3920; x_wconf 85' lang='lat' dir='ltr'><strong><em>scandalum</em></strong></span> <span class='ocrx_word' id='word_1_683' title='bbox 3146 3861 3365 3917; x_wconf 85' lang='lat' dir='ltr'><strong><em>faciant.</em></strong></span> <span class='ocrx_word' id='word_1_684' title='bbox 3418 3859 3640 3933; x_wconf 83' lang='lat' dir='ltr'><strong><em>(0rig.)</em></strong></span> <span class='ocrx_word' id='word_1_685' title='bbox 3669 3863 3771 3929; x_wconf 75' lang='lat' dir='ltr'><strong><em>Qui</em></strong></span> 
     </span>
    </p>
   </div>
   <div class='ocr_carea' id='block_1_86' title="bbox 2167 3954 3769 4026">
    <p class='ocr_par' dir='ltr' id='par_1_86' title="bbox 2167 3954 3769 4026">
     <span class='ocr_line' id='line_1_86' title="bbox 2167 3954 3769 4026; baseline -0.001 -14"><span class='ocrx_word' id='word_1_686' title='bbox 2167 3957 2295 4013; x_wconf 72' lang='lat' dir='ltr'><strong><em>vitae</em></strong></span> <span class='ocrx_word' id='word_1_687' title='bbox 2342 3973 2455 4014; x_wconf 61' lang='lat' dir='ltr'><strong><em>suae</em></strong></span> <span class='ocrx_word' id='word_1_688' title='bbox 2486 3964 2541 4013; x_wconf 88' lang='lat' dir='ltr'><strong><em>et</em></strong></span> <span class='ocrx_word' id='word_1_689' title='bbox 2569 3972 2785 4013; x_wconf 89' lang='lat' dir='ltr'><strong><em>morum</em></strong></span> <span class='ocrx_word' id='word_1_690' title='bbox 2816 3964 2978 4026; x_wconf 89' lang='lat' dir='ltr'><strong><em>atque</em></strong></span> <span class='ocrx_word' id='word_1_691' title='bbox 3004 3965 3221 4013; x_wconf 88' lang='lat' dir='ltr'><strong><em>actuum</em></strong></span> <span class='ocrx_word' id='word_1_692' title='bbox 3253 3963 3399 4011; x_wconf 90' lang='lat' dir='ltr'><strong><em>tenet</em></strong></span> <span class='ocrx_word' id='word_1_693' title='bbox 3445 3954 3682 4019; x_wconf 82' lang='lat' dir='ltr'><strong><em>libram,</em></strong></span> <span class='ocrx_word' id='word_1_694' title='bbox 3714 3967 3769 4010; x_wconf 85' lang='lat' dir='ltr'><strong><em>ut</em></strong></span> 
     </span>
    </p>
   </div>
   <div class='ocr_carea' id='block_1_87' title="bbox 2169 4046 3772 4122">
    <p class='ocr_par' dir='ltr' id='par_1_87' title="bbox 2169 4046 3772 4122">
     <span class='ocr_line' id='line_1_87' title="bbox 2169 4046 3772 4122; baseline -0.002 -17"><span class='ocrx_word' id='word_1_695' title='bbox 2169 4065 2279 4107; x_wconf 92' lang='lat' dir='ltr'><strong><em>non</em></strong></span> <span class='ocrx_word' id='word_1_696' title='bbox 2321 4050 2495 4122; x_wconf 83' lang='lat' dir='ltr'><strong><em>possit</em></strong></span> <span class='ocrx_word' id='word_1_697' title='bbox 2536 4046 2604 4104; x_wconf 88' lang='lat' dir='ltr'><strong><em>ab</em></strong></span> <span class='ocrx_word' id='word_1_698' title='bbox 2654 4048 2764 4104; x_wconf 89' lang='lat' dir='ltr'><strong><em>ullo</em></strong></span> <span class='ocrx_word' id='word_1_699' title='bbox 2809 4049 3028 4104; x_wconf 89' lang='lat' dir='ltr'><strong><em>homine</em></strong></span> <span class='ocrx_word' id='word_1_700' title='bbox 3075 4046 3418 4120; x_wconf 76' lang='lat' dir='ltr'><strong><em>reprehendi,</em></strong></span> <span class='ocrx_word' id='word_1_701' title='bbox 3462 4047 3569 4101; x_wconf 87' lang='lat' dir='ltr'><strong><em>iste</em></strong></span> <span class='ocrx_word' id='word_1_702' title='bbox 3628 4048 3772 4102; x_wconf 77' lang='lat' dir='ltr'><strong><em>bona</em></strong></span> 
     </span>
    </p>
   </div>
   <div class='ocr_carea' id='block_1_88' title="bbox 2170 4135 3770 4211">
    <p class='ocr_par' dir='ltr' id='par_1_88' title="bbox 2170 4135 3770 4211">
     <span class='ocr_line' id='line_1_88' title="bbox 2170 4135 3770 4211; baseline -0.003 -15"><span class='ocrx_word' id='word_1_703' title='bbox 2170 4141 2417 4211; x_wconf 85' lang='lat' dir='ltr'><strong><em>providet</em></strong></span> <span class='ocrx_word' id='word_1_704' title='bbox 2465 4155 2649 4197; x_wconf 90' lang='lat' dir='ltr'><strong><em>coram</em></strong></span> <span class='ocrx_word' id='word_1_705' title='bbox 2694 4138 2947 4195; x_wconf 88' lang='lat' dir='ltr'><strong><em>omnibus</em></strong></span> <span class='ocrx_word' id='word_1_706' title='bbox 3000 4137 3326 4194; x_wconf 89' lang='lat' dir='ltr'><strong><em>hominibus.</em></strong></span> <span class='ocrx_word' id='word_1_707' title='bbox 3371 4135 3497 4191; x_wconf 74' lang='lat' dir='ltr'><strong><em>Non</em></strong></span> <span class='ocrx_word' id='word_1_708' title='bbox 3542 4139 3627 4194; x_wconf 88' lang='lat' dir='ltr'><strong><em>ait</em></strong></span> <span class='ocrx_word' id='word_1_709' title='bbox 3680 4154 3770 4193; x_wconf 79' lang='lat' dir='ltr'><strong><em>au-</em></strong></span> 
     </span>
    </p>
   </div>
   <div class='ocr_carea' id='block_1_89' title="bbox 2136 4228 3771 4299">
    <p class='ocr_par' dir='ltr' id='par_1_89' title="bbox 2136 4228 3771 4299">
     <span class='ocr_line' id='line_1_89' title="bbox 2136 4228 3771 4299; baseline -0.003 -13"><span class='ocrx_word' id='word_1_710' title='bbox 2136 4240 2286 4286; x_wconf 86' lang='lat' dir='ltr'><strong><em>&#39;tem</em></strong></span> <span class='ocrx_word' id='word_1_711' title='bbox 2348 4239 2408 4286; x_wconf 90' lang='lat' dir='ltr'><strong><em>ut</em></strong></span> <span class='ocrx_word' id='word_1_712' title='bbox 2474 4231 2724 4299; x_wconf 84' lang='lat' dir='ltr'><strong><em>omnibus</em></strong></span> <span class='ocrx_word' id='word_1_713' title='bbox 2776 4229 3085 4286; x_wconf 87' lang='lat' dir='ltr'><strong><em>hominibus</em></strong></span> <span class='ocrx_word' id='word_1_714' title='bbox 3146 4228 3492 4299; x_wconf 87' lang='lat' dir='ltr'><strong><em>placeamus,</em></strong></span> <span class='ocrx_word' id='word_1_715' title='bbox 3561 4229 3666 4284; x_wconf 81' lang='lat' dir='ltr'><strong><em>sed</em></strong></span> <span class='ocrx_word' id='word_1_716' title='bbox 3716 4239 3771 4283; x_wconf 85' lang='lat' dir='ltr'><strong><em>ut</em></strong></span> 
     </span>
    </p>
   </div>
   <div class='ocr_carea' id='block_1_90' title="bbox 2174 4317 3775 4392">
    <p class='ocr_par' dir='ltr' id='par_1_90' title="bbox 2174 4317 3775 4392">
     <span class='ocr_line' id='line_1_90' title="bbox 2174 4317 3775 4392; baseline -0.002 -16"><span class='ocrx_word' id='word_1_717' title='bbox 2174 4321 2557 4392; x_wconf 85' lang='lat' dir='ltr'><strong><em>provideamus</em></strong></span> <span class='ocrx_word' id='word_1_718' title='bbox 2581 4320 2721 4381; x_wconf 87' lang='lat' dir='ltr'><strong><em>bona</em></strong></span> <span class='ocrx_word' id='word_1_719' title='bbox 2749 4335 2933 4377; x_wconf 91' lang='lat' dir='ltr'><strong><em>coram</em></strong></span> <span class='ocrx_word' id='word_1_720' title='bbox 2974 4317 3226 4375; x_wconf 88' lang='lat' dir='ltr'><strong><em>omnibus</em></strong></span> <span class='ocrx_word' id='word_1_721' title='bbox 3270 4318 3624 4383; x_wconf 84' lang='lat' dir='ltr'><strong><em>hominibus;</em></strong></span> <span class='ocrx_word' id='word_1_722' title='bbox 3672 4320 3775 4373; x_wconf 79' lang='lat' dir='ltr'><strong><em>hoc</em></strong></span> 
     </span>
    </p>
   </div>
   <div class='ocr_carea' id='block_1_91' title="bbox 487 4410 3771 4510">
    <p class='ocr_par' dir='ltr' id='par_1_91' title="bbox 487 4410 3771 4510">
     <span class='ocr_line' id='line_1_91' title="bbox 487 4410 3771 4510; baseline -0.005 -32"><span class='ocrx_word' id='word_1_723' title='bbox 487 4423 740 4495; x_wconf 70' lang='lat' dir='ltr'><strong><em>iniustus.</em></strong></span> <span class='ocrx_word' id='word_1_724' title='bbox 777 4423 972 4496; x_wconf 70' lang='grc' dir='ltr'><strong><em>(Θήρ.)</em></strong></span> <span class='ocrx_word' id='word_1_725' title='bbox 1020 4424 1121 4491; x_wconf 84' lang='lat' dir='ltr'><strong><em>Qui</em></strong></span> <span class='ocrx_word' id='word_1_726' title='bbox 1163 4424 1265 4480; x_wconf 89' lang='lat' dir='ltr'><strong><em>sibi</em></strong></span> <span class='ocrx_word' id='word_1_727' title='bbox 1293 4424 1394 4495; x_wconf 89' lang='lat' dir='ltr'><strong><em>ipsi</em></strong></span> <span class='ocrx_word' id='word_1_728' title='bbox 1432 4424 1671 4495; x_wconf 83' lang='lat' dir='ltr'><strong><em>prudens</em></strong></span> <span class='ocrx_word' id='word_1_729' title='bbox 1710 4423 1942 4489; x_wconf 85' lang='lat' dir='ltr'><strong><em>videtur,</em></strong></span> <span class='ocrx_word' id='word_1_730' title='bbox 1980 4423 2152 4510; x_wconf 79' lang='lat' dir='ltr'><strong><em>hicD</em></strong></span> <span class='ocrx_word' id='word_1_731' title='bbox 2177 4422 2302 4510; x_wconf 56' lang='lat' dir='ltr'><strong><em>est,</em></strong></span> <span class='ocrx_word' id='word_1_732' title='bbox 2362 4428 2588 4510; x_wconf 61' lang='lat' dir='ltr'><strong><em>agamns</em></strong></span> <span class='ocrx_word' id='word_1_733' title='bbox 2638 4429 2737 4510; x_wconf 76' lang='lat' dir='ltr'><strong><em>nos</em></strong></span> <span class='ocrx_word' id='word_1_734' title='bbox 2786 4412 2925 4468; x_wconf 89' lang='lat' dir='ltr'><strong><em>bona</em></strong></span> <span class='ocrx_word' id='word_1_735' title='bbox 2972 4426 3159 4510; x_wconf 82' lang='lat' dir='ltr'><strong><em>coram</em></strong></span> <span class='ocrx_word' id='word_1_736' title='bbox 3221 4410 3472 4467; x_wconf 91' lang='lat' dir='ltr'><strong><em>omnibus</em></strong></span> <span class='ocrx_word' id='word_1_737' title='bbox 3524 4411 3771 4510; x_wconf 57' lang='lat' dir='ltr'><strong><em>bonum.</em></strong></span> 
     </span>
    </p>
   </div>
   <div class='ocr_carea' id='block_1_92' title="bbox 488 4514 2068 4587">
    <p class='ocr_par' dir='ltr' id='par_1_92' title="bbox 488 4514 2068 4587">
     <span class='ocr_line' id='line_1_92' title="bbox 488 4514 2068 4587; baseline -0.001 -16"><span class='ocrx_word' id='word_1_738' title='bbox 488 4530 612 4571; x_wconf 92' lang='lat' dir='ltr'><strong><em>cum</em></strong></span> <span class='ocrx_word' id='word_1_739' title='bbox 640 4516 951 4587; x_wconf 85' lang='lat' dir='ltr'><strong><em>arrogantia</em></strong></span> <span class='ocrx_word' id='word_1_740' title='bbox 979 4514 1174 4572; x_wconf 88' lang='lat' dir='ltr'><strong><em>stultus</em></strong></span> <span class='ocrx_word' id='word_1_741' title='bbox 1198 4524 1303 4583; x_wconf 89' lang='lat' dir='ltr'><strong><em>est,</em></strong></span> <span class='ocrx_word' id='word_1_742' title='bbox 1333 4531 1432 4573; x_wconf 87' lang='lat' dir='ltr'><strong><em>nec</em></strong></span> <span class='ocrx_word' id='word_1_743' title='bbox 1460 4521 1640 4586; x_wconf 86' lang='lat' dir='ltr'><strong><em>potest</em></strong></span> <span class='ocrx_word' id='word_1_744' title='bbox 1657 4529 1844 4570; x_wconf 90' lang='lat' dir='ltr'><strong><em>veram</em></strong></span> <span class='ocrx_word' id='word_1_745' title='bbox 1862 4514 2068 4585; x_wconf 86' lang='lat' dir='ltr'><strong><em>sapien-</em></strong></span> 
     </span>
    </p>
   </div>
   <div class='ocr_carea' id='block_1_93' title="bbox 489 4605 2072 4679">
    <p class='ocr_par' dir='ltr' id='par_1_93' title="bbox 489 4605 2072 4679">
     <span class='ocr_line' id='line_1_93' title="bbox 489 4605 2072 4679; baseline -0.001 -18"><span class='ocrx_word' id='word_1_746' title='bbox 489 4607 623 4663; x_wconf 91' lang='lat' dir='ltr'><strong><em>tiam</em></strong></span> <span class='ocrx_word' id='word_1_747' title='bbox 644 4607 740 4663; x_wconf 90' lang='lat' dir='ltr'><strong><em>Dei</em></strong></span> <span class='ocrx_word' id='word_1_748' title='bbox 766 4606 927 4675; x_wconf 87' lang='lat' dir='ltr'><strong><em>scire,</em></strong></span> <span class='ocrx_word' id='word_1_749' title='bbox 945 4608 1039 4679; x_wconf 90' lang='lat' dir='ltr'><strong><em>qui</em></strong></span> <span class='ocrx_word' id='word_1_750' title='bbox 1061 4622 1213 4664; x_wconf 88' lang='lat' dir='ltr'><strong><em>suam</em></strong></span> <span class='ocrx_word' id='word_1_751' title='bbox 1247 4607 1529 4675; x_wconf 79' lang='lat' dir='ltr'><strong><em>stultitiam</em></strong></span> <span class='ocrx_word' id='word_1_752' title='bbox 1550 4606 1707 4677; x_wconf 91' lang='lat' dir='ltr'><strong><em>quasi</em></strong></span> <span class='ocrx_word' id='word_1_753' title='bbox 1744 4605 2072 4677; x_wconf 90' lang='lat' dir='ltr'><strong><em>sapientiam</em></strong></span> 
     </span>
    </p>
   </div>
   <div class='ocr_carea' id='block_1_94' title="bbox 490 4695 2076 4771">
    <p class='ocr_par' dir='ltr' id='par_1_94' title="bbox 490 4695 2076 4771">
     <span class='ocr_line' id='line_1_94' title="bbox 490 4695 2076 4771; baseline -0.003 -15"><span class='ocrx_word' id='word_1_754' title='bbox 490 4699 637 4756; x_wconf 91' lang='lat' dir='ltr'><strong><em>colit.</em></strong></span> <span class='ocrx_word' id='word_1_755' title='bbox 661 4698 903 4771; x_wconf 84' lang='lat' dir='ltr'><strong><em>Denique</em></strong></span> <span class='ocrx_word' id='word_1_756' title='bbox 921 4700 977 4755; x_wconf 91' lang='lat' dir='ltr'><strong><em>in</em></strong></span> <span class='ocrx_word' id='word_1_757' title='bbox 996 4698 1364 4770; x_wconf 88' lang='lat' dir='ltr'><strong><em>superioribus</em></strong></span> <span class='ocrx_word' id='word_1_758' title='bbox 1383 4698 1522 4753; x_wconf 88' lang='lat' dir='ltr'><strong><em>hanc</em></strong></span> <span class='ocrx_word' id='word_1_759' title='bbox 1540 4696 1709 4754; x_wconf 87' lang='lat' dir='ltr'><strong><em>fuisse</em></strong></span> <span class='ocrx_word' id='word_1_760' title='bbox 1724 4695 2076 4752; x_wconf 87' lang='lat' dir='ltr'><strong><em>incredulita-</em></strong></span> 
     </span>
    </p>
   </div>
   <div class='ocr_carea' id='block_1_95' title="bbox 487 4786 2073 4860">
    <p class='ocr_par' dir='ltr' id='par_1_95' title="bbox 487 4786 2073 4860">
     <span class='ocr_line' id='line_1_95' title="bbox 487 4786 2073 4860; baseline -0.002 -15"><span class='ocrx_word' id='word_1_761' title='bbox 487 4792 565 4848; x_wconf 87' lang='lat' dir='ltr'><strong><em>tis</em></strong></span> <span class='ocrx_word' id='word_1_762' title='bbox 585 4805 810 4851; x_wconf 89' lang='lat' dir='ltr'><strong><em>causam</em></strong></span> <span class='ocrx_word' id='word_1_763' title='bbox 831 4788 1052 4857; x_wconf 74' lang='lat' dir='ltr'><strong><em>Judmis,</em></strong></span> <span class='ocrx_word' id='word_1_764' title='bbox 1083 4791 1196 4860; x_wconf 89' lang='lat' dir='ltr'><strong><em>ipse</em></strong></span> <span class='ocrx_word' id='word_1_765' title='bbox 1214 4790 1414 4846; x_wconf 87' lang='lat' dir='ltr'><strong><em>Paulus</em></strong></span> <span class='ocrx_word' id='word_1_766' title='bbox 1434 4789 1650 4849; x_wconf 84' lang='lat' dir='ltr'><strong><em>edocuit</em></strong></span> <span class='ocrx_word' id='word_1_767' title='bbox 1673 4789 1858 4847; x_wconf 88' lang='lat' dir='ltr'><strong><em>dicens</em></strong></span> <span class='ocrx_word' id='word_1_768' title='bbox 1878 4788 1945 4843; x_wconf 87' lang='lat' dir='ltr'><strong><em>de</em></strong></span> <span class='ocrx_word' id='word_1_769' title='bbox 1973 4786 2073 4852; x_wconf 89' lang='lat' dir='ltr'><strong><em>eis,</em></strong></span> 
     </span>
    </p>
   </div>
   <div class='ocr_carea' id='block_1_96' title="bbox 489 4879 2079 4953">
    <p class='ocr_par' dir='ltr' id='par_1_96' title="bbox 489 4879 2079 4953">
     <span class='ocr_line' id='line_1_96' title="bbox 489 4879 2079 4953; baseline -0.002 -18"><span class='ocrx_word' id='word_1_770' title='bbox 489 4880 615 4953; x_wconf 81' lang='lat' dir='ltr'><strong><em>quia</em></strong></span> <span class='ocrx_word' id='word_1_771' title='bbox 626 4881 929 4950; x_wconf 82' lang='lat' dir='ltr'><strong><em>ignorantes</em></strong></span> <span class='ocrx_word' id='word_1_772' title='bbox 944 4879 1042 4934; x_wconf 88' lang='lat' dir='ltr'><strong><em>Dei</em></strong></span> <span class='ocrx_word' id='word_1_773' title='bbox 1046 4879 1387 4949; x_wconf 56' lang='lat' dir='ltr'><strong><em>justitiam,“</em></strong></span> <span class='ocrx_word' id='word_1_774' title='bbox 1403 4897 1554 4936; x_wconf 87' lang='lat' dir='ltr'><strong><em>suam</em></strong></span> <span class='ocrx_word' id='word_1_775' title='bbox 1561 4880 1830 4952; x_wconf 88' lang='lat' dir='ltr'><strong><em>justitiam</em></strong></span> <span class='ocrx_word' id='word_1_776' title='bbox 1843 4895 2079 4951; x_wconf 65' lang='lat' dir='ltr'><strong><em>quaeren-</em></strong></span> 
     </span>
    </p>
   </div>
   <div class='ocr_carea' id='block_1_97' title="bbox 494 4968 2071 5046">
    <p class='ocr_par' dir='ltr' id='par_1_97' title="bbox 494 4968 2071 5046">
     <span class='ocr_line' id='line_1_97' title="bbox 494 4968 2071 5046; baseline -0.001 -20"><span class='ocrx_word' id='word_1_777' title='bbox 494 4979 570 5027; x_wconf 89' lang='lat' dir='ltr'><strong><em>tes</em></strong></span> <span class='ocrx_word' id='word_1_778' title='bbox 589 4976 822 5026; x_wconf 76' lang='lat' dir='ltr'><strong><em>statue‘re</em></strong></span> <span class='ocrx_word' id='word_1_779' title='bbox 839 5010 856 5038; x_wconf 94' lang='lat'><strong><em>,</em></strong></span> <span class='ocrx_word' id='word_1_780' title='bbox 878 4969 1110 5040; x_wconf 75' lang='lat' dir='ltr'><strong><em>justitite</em></strong></span> <span class='ocrx_word' id='word_1_781' title='bbox 1132 4968 1231 5025; x_wconf 88' lang='lat' dir='ltr'><strong><em>Dei</em></strong></span> <span class='ocrx_word' id='word_1_782' title='bbox 1254 4987 1358 5027; x_wconf 88' lang='lat' dir='ltr'><strong><em>non</em></strong></span> <span class='ocrx_word' id='word_1_783' title='bbox 1383 4982 1506 5027; x_wconf 87' lang='lat' dir='ltr'><strong><em>sunt</em></strong></span> <span class='ocrx_word' id='word_1_784' title='bbox 1546 4972 1733 5041; x_wconf 85' lang='lat' dir='ltr'><strong><em>sujecti</em></strong></span> <span class='ocrx_word' id='word_1_785' title='bbox 1773 4970 1952 5046; x_wconf 83' lang='lat' dir='ltr'><strong><em>(Rom.</em></strong></span> <span class='ocrx_word' id='word_1_786' title='bbox 1991 4969 2071 5040; x_wconf 68' lang='grc' dir='ltr'><strong><em>Χ).</em></strong></span> 
     </span>
    </p>
   </div>
   <div class='ocr_carea' id='block_1_98' title="bbox 494 5059 2072 5141">
    <p class='ocr_par' dir='ltr' id='par_1_98' title="bbox 494 5059 2072 5141">
     <span class='ocr_line' id='line_1_98' title="bbox 494 5059 2072 5141; baseline -0.001 -24"><span class='ocrx_word' id='word_1_787' title='bbox 494 5060 704 5141; x_wconf 82' lang='lat' dir='ltr'><strong><em>[Greg.]</em></strong></span> <span class='ocrx_word' id='word_1_788' title='bbox 729 5059 822 5118; x_wconf 85' lang='lat' dir='ltr'><strong><em>Sic</em></strong></span> <span class='ocrx_word' id='word_1_789' title='bbox 840 5076 970 5133; x_wconf 87' lang='lat' dir='ltr'><strong><em>ergo</em></strong></span> <span class='ocrx_word' id='word_1_790' title='bbox 996 5069 1051 5117; x_wconf 87' lang='lat' dir='ltr'><strong><em>et</em></strong></span> <span class='ocrx_word' id='word_1_791' title='bbox 1073 5060 1167 5133; x_wconf 91' lang='lat' dir='ltr'><strong><em>qui</em></strong></span> <span class='ocrx_word' id='word_1_792' title='bbox 1194 5062 1336 5133; x_wconf 89' lang='lat' dir='ltr'><strong><em>apud</em></strong></span> <span class='ocrx_word' id='word_1_793' title='bbox 1358 5062 1710 5141; x_wconf 87' lang='lat' dir='ltr'><strong><em>semetipsum</em></strong></span> <span class='ocrx_word' id='word_1_794' title='bbox 1734 5062 1950 5131; x_wconf 86' lang='lat' dir='ltr'><strong><em>sapiens</em></strong></span> <span class='ocrx_word' id='word_1_795' title='bbox 1971 5069 2072 5126; x_wconf 88' lang='lat' dir='ltr'><strong><em>est,</em></strong></span> 
     </span>
    </p>
   </div>
   <div class='ocr_carea' id='block_1_99' title="bbox 491 5151 2080 5225">
    <p class='ocr_par' dir='ltr' id='par_1_99' title="bbox 491 5151 2080 5225">
     <span class='ocr_line' id='line_1_99' title="bbox 491 5151 2080 5225; baseline 0.001 -18"><span class='ocrx_word' id='word_1_796' title='bbox 491 5165 605 5207; x_wconf 90' lang='lat' dir='ltr'><strong><em>non</em></strong></span> <span class='ocrx_word' id='word_1_797' title='bbox 646 5160 827 5223; x_wconf 85' lang='lat' dir='ltr'><strong><em>potest</em></strong></span> <span class='ocrx_word' id='word_1_798' title='bbox 869 5167 989 5209; x_wconf 90' lang='lat' dir='ltr'><strong><em>esse</em></strong></span> <span class='ocrx_word' id='word_1_799' title='bbox 1034 5151 1252 5223; x_wconf 89' lang='lat' dir='ltr'><strong><em>sapiens</em></strong></span> <span class='ocrx_word' id='word_1_800' title='bbox 1308 5152 1451 5224; x_wconf 90' lang='lat' dir='ltr'><strong><em>apud</em></strong></span> <span class='ocrx_word' id='word_1_801' title='bbox 1500 5153 1691 5209; x_wconf 88' lang='lat' dir='ltr'><strong><em>Deum.</em></strong></span> <span class='ocrx_word' id='word_1_802' title='bbox 1739 5152 2080 5225; x_wconf 83' lang='lat' dir='ltr'><strong><em>Quapropter</em></strong></span> 
     </span>
    </p>
   </div>
   <div class='ocr_carea' id='block_1_100' title="bbox 496 5242 2081 5317">
    <p class='ocr_par' dir='ltr' id='par_1_100' title="bbox 496 5242 2081 5317">
     <span class='ocr_line' id='line_1_100' title="bbox 496 5242 2081 5317; baseline 0.001 -18"><span class='ocrx_word' id='word_1_803' title='bbox 496 5242 654 5300; x_wconf 80' lang='lat' dir='ltr'><strong><em>aliter</em></strong></span> <span class='ocrx_word' id='word_1_804' title='bbox 699 5243 1023 5303; x_wconf 81' lang='lat' dir='ltr'><strong><em>admonendi</em></strong></span> <span class='ocrx_word' id='word_1_805' title='bbox 1074 5254 1200 5302; x_wconf 88' lang='lat' dir='ltr'><strong><em>sunt</em></strong></span> <span class='ocrx_word' id='word_1_806' title='bbox 1237 5244 1562 5317; x_wconf 82' lang='lat' dir='ltr'><strong><em>pertinaces,</em></strong></span> <span class='ocrx_word' id='word_1_807' title='bbox 1591 5253 1754 5315; x_wconf 89' lang='lat' dir='ltr'><strong><em>atque</em></strong></span> <span class='ocrx_word' id='word_1_808' title='bbox 1795 5244 1954 5301; x_wconf 87' lang='lat' dir='ltr'><strong><em>aliter</em></strong></span> <span class='ocrx_word' id='word_1_809' title='bbox 1998 5244 2081 5300; x_wconf 86' lang='lat' dir='ltr'><strong><em>in-</em></strong></span> 
     </span>
    </p>
   </div>
   <div class='ocr_carea' id='block_1_101' title="bbox 490 5336 2079 5411">
    <p class='ocr_par' dir='ltr' id='par_1_101' title="bbox 490 5336 2079 5411">
     <span class='ocr_line' id='line_1_101' title="bbox 490 5336 2079 5411; baseline 0.002 -19"><span class='ocrx_word' id='word_1_810' title='bbox 490 5340 843 5402; x_wconf 76' lang='lat' dir='ltr'><strong><em>constantes;</em></strong></span> <span class='ocrx_word' id='word_1_811' title='bbox 893 5336 1004 5392; x_wconf 84' lang='lat' dir='ltr'><strong><em>illis</em></strong></span> <span class='ocrx_word' id='word_1_812' title='bbox 1036 5337 1328 5394; x_wconf 80' lang='lat' dir='ltr'><strong><em>dicendum</em></strong></span> <span class='ocrx_word' id='word_1_813' title='bbox 1370 5337 1517 5408; x_wconf 87' lang='lat' dir='ltr'><strong><em>quod</em></strong></span> <span class='ocrx_word' id='word_1_814' title='bbox 1558 5337 1683 5411; x_wconf 91' lang='lat' dir='ltr'><strong><em>plus</em></strong></span> <span class='ocrx_word' id='word_1_815' title='bbox 1711 5339 1778 5395; x_wconf 91' lang='lat' dir='ltr'><strong><em>de</em></strong></span> <span class='ocrx_word' id='word_1_816' title='bbox 1822 5352 1883 5395; x_wconf 86' lang='lat' dir='ltr'><strong><em>se</em></strong></span> <span class='ocrx_word' id='word_1_817' title='bbox 1915 5353 2079 5410; x_wconf 90' lang='lat' dir='ltr'><strong><em>quam</em></strong></span> 
     </span>
    </p>
   </div>
   <div class='ocr_carea' id='block_1_102' title="bbox 489 5426 2082 5504">
    <p class='ocr_par' dir='ltr' id='par_1_102' title="bbox 489 5426 2082 5504">
     <span class='ocr_line' id='line_1_102' title="bbox 489 5426 2082 5504; baseline 0.003 -20"><span class='ocrx_word' id='word_1_818' title='bbox 489 5436 624 5484; x_wconf 78' lang='lat' dir='ltr'><strong><em>sunt</em></strong></span> <span class='ocrx_word' id='word_1_819' title='bbox 646 5426 914 5497; x_wconf 88' lang='lat' dir='ltr'><strong><em>sentiunt,</em></strong></span> <span class='ocrx_word' id='word_1_820' title='bbox 938 5437 995 5486; x_wconf 85' lang='lat' dir='ltr'><strong><em>et</em></strong></span> <span class='ocrx_word' id='word_1_821' title='bbox 1014 5428 1222 5487; x_wconf 87' lang='lat' dir='ltr'><strong><em>idcirco</em></strong></span> <span class='ocrx_word' id='word_1_822' title='bbox 1246 5430 1437 5488; x_wconf 81' lang='lat' dir='ltr'><strong><em>alienis</em></strong></span> <span class='ocrx_word' id='word_1_823' title='bbox 1462 5430 1701 5489; x_wconf 87' lang='lat' dir='ltr'><strong><em>consiliis</em></strong></span> <span class='ocrx_word' id='word_1_824' title='bbox 1730 5448 1836 5488; x_wconf 93' lang='lat' dir='ltr'><strong><em>non</em></strong></span> <span class='ocrx_word' id='word_1_825' title='bbox 1864 5432 2082 5504; x_wconf 86' lang='lat' dir='ltr'><strong><em>acquie—</em></strong></span> 
     </span>
    </p>
   </div>
   <div class='ocr_carea' id='block_1_103' title="bbox 496 5512 2083 5596">
    <p class='ocr_par' dir='ltr' id='par_1_103' title="bbox 496 5512 2083 5596">
     <span class='ocr_line' id='line_1_103' title="bbox 496 5512 2083 5596; baseline 0.006 -22"><span class='ocrx_word' id='word_1_826' title='bbox 496 5527 693 5575; x_wconf 84' lang='lat' dir='ltr'><strong><em>scunt:</em></strong></span> <span class='ocrx_word' id='word_1_827' title='bbox 724 5519 845 5578; x_wconf 86' lang='lat' dir='ltr'><strong><em>istis</em></strong></span> <span class='ocrx_word' id='word_1_828' title='bbox 874 5534 1005 5577; x_wconf 89' lang='lat' dir='ltr'><strong><em>vero</em></strong></span> <span class='ocrx_word' id='word_1_829' title='bbox 1034 5512 1391 5581; x_wconf 84' lang='lat' dir='ltr'><strong><em>intimandum</em></strong></span> <span class='ocrx_word' id='word_1_830' title='bbox 1439 5533 1525 5581; x_wconf 86' lang='lat' dir='ltr'><strong><em>est</em></strong></span> <span class='ocrx_word' id='word_1_831' title='bbox 1575 5525 1719 5596; x_wconf 88' lang='lat' dir='ltr'><strong><em>quod</em></strong></span> <span class='ocrx_word' id='word_1_832' title='bbox 1747 5525 1903 5582; x_wconf 87' lang='lat' dir='ltr'><strong><em>valde</em></strong></span> <span class='ocrx_word' id='word_1_833' title='bbox 1928 5526 1994 5581; x_wconf 87' lang='lat' dir='ltr'><strong><em>de</em></strong></span> <span class='ocrx_word' id='word_1_834' title='bbox 2022 5541 2083 5583; x_wconf 87' lang='lat' dir='ltr'><strong><em>se</em></strong></span> 
     </span>
    </p>
   </div>
   <div class='ocr_carea' id='block_1_104' title="bbox 499 5611 2080 5689">
    <p class='ocr_par' dir='ltr' id='par_1_104' title="bbox 499 5611 2080 5689">
     <span class='ocr_line' id='line_1_104' title="bbox 499 5611 2080 5689; baseline 0.004 -22"><span class='ocrx_word' id='word_1_835' title='bbox 499 5611 857 5684; x_wconf 85' lang='lat' dir='ltr'><strong><em>despicientes</em></strong></span> <span class='ocrx_word' id='word_1_836' title='bbox 890 5614 1188 5686; x_wconf 87' lang='lat' dir='ltr'><strong><em>negligunt,</em></strong></span> <span class='ocrx_word' id='word_1_837' title='bbox 1211 5625 1265 5671; x_wconf 89' lang='lat' dir='ltr'><strong><em>et</em></strong></span> <span class='ocrx_word' id='word_1_838' title='bbox 1290 5616 1413 5673; x_wconf 88' lang='lat' dir='ltr'><strong><em>ideo</em></strong></span> <span class='ocrx_word' id='word_1_839' title='bbox 1434 5617 1657 5673; x_wconf 86' lang='lat' dir='ltr'><strong><em>levitate</em></strong></span> <span class='ocrx_word' id='word_1_840' title='bbox 1691 5617 2080 5689; x_wconf 87' lang='lat' dir='ltr'><strong><em>cogitationum</em></strong></span> 
     </span>
    </p>
   </div>
   <div class='ocr_carea' id='block_1_105' title="bbox 501 5707 2079 5780">
    <p class='ocr_par' dir='ltr' id='par_1_105' title="bbox 501 5707 2079 5780">
     <span class='ocr_line' id='line_1_105' title="bbox 501 5707 2079 5780; baseline 0.005 -24"><span class='ocrx_word' id='word_1_841' title='bbox 501 5717 534 5756; x_wconf 87' lang='lat' dir='ltr'><strong><em>a</em></strong></span> <span class='ocrx_word' id='word_1_842' title='bbox 581 5719 680 5761; x_wconf 88' lang='lat' dir='ltr'><strong><em>suo</em></strong></span> <span class='ocrx_word' id='word_1_843' title='bbox 717 5707 924 5780; x_wconf 78' lang='lat' dir='ltr'><strong><em>judicio</em></strong></span> <span class='ocrx_word' id='word_1_844' title='bbox 959 5720 1057 5777; x_wconf 89' lang='lat' dir='ltr'><strong><em>per</em></strong></span> <span class='ocrx_word' id='word_1_845' title='bbox 1112 5715 1415 5779; x_wconf 85' lang='lat' dir='ltr'><strong><em>temporum</em></strong></span> <span class='ocrx_word' id='word_1_846' title='bbox 1448 5718 1722 5767; x_wconf 86' lang='lat' dir='ltr'><strong><em>momenta</em></strong></span> <span class='ocrx_word' id='word_1_847' title='bbox 1770 5709 2079 5768; x_wconf 84' lang='lat' dir='ltr'><strong><em>ﬂectuntur.</em></strong></span> 
     </span>
    </p>
   </div>
   <div class='ocr_carea' id='block_1_106' title="bbox 2177 4501 3773 4573">
    <p class='ocr_par' dir='ltr' id='par_1_106' title="bbox 2177 4501 3773 4573">
     <span class='ocr_line' id='line_1_106' title="bbox 2177 4501 3773 4573; baseline 0 -14"><span class='ocrx_word' id='word_1_848' title='bbox 2177 4504 2295 4568; x_wconf 87' lang='lat' dir='ltr'><strong><em>bus,</em></strong></span> <span class='ocrx_word' id='word_1_849' title='bbox 2350 4503 2464 4559; x_wconf 82' lang='lat' dir='ltr'><strong><em>sive</em></strong></span> <span class='ocrx_word' id='word_1_850' title='bbox 2514 4501 2620 4559; x_wconf 89' lang='lat' dir='ltr'><strong><em>illis</em></strong></span> <span class='ocrx_word' id='word_1_851' title='bbox 2665 4503 2913 4573; x_wconf 89' lang='lat' dir='ltr'><strong><em>placeant</em></strong></span> <span class='ocrx_word' id='word_1_852' title='bbox 2964 4517 3085 4573; x_wconf 66' lang='lat' dir='ltr'><strong><em>quas</em></strong></span> <span class='ocrx_word' id='word_1_853' title='bbox 3136 4503 3274 4559; x_wconf 87' lang='lat' dir='ltr'><strong><em>bona</em></strong></span> <span class='ocrx_word' id='word_1_854' title='bbox 3320 4508 3468 4565; x_wconf 87' lang='lat' dir='ltr'><strong><em>sunt,</em></strong></span> <span class='ocrx_word' id='word_1_855' title='bbox 3501 4501 3626 4557; x_wconf 76' lang='lat' dir='ltr'><strong><em>sive</em></strong></span> <span class='ocrx_word' id='word_1_856' title='bbox 3666 4517 3773 4559; x_wconf 79' lang='lat' dir='ltr'><strong><em>non</em></strong></span> 
     </span>
    </p>
   </div>
   <div class='ocr_carea' id='block_1_107' title="bbox 2179 4592 3777 4666">
    <p class='ocr_par' dir='ltr' id='par_1_107' title="bbox 2179 4592 3777 4666">
     <span class='ocr_line' id='line_1_107' title="bbox 2179 4592 3777 4666; baseline 0 -18"><span class='ocrx_word' id='word_1_857' title='bbox 2179 4594 2448 4666; x_wconf 83' lang='lat' dir='ltr'><strong><em>placeant.</em></strong></span> <span class='ocrx_word' id='word_1_858' title='bbox 2485 4592 2543 4648; x_wconf 89' lang='lat' dir='ltr'><strong><em>Si</em></strong></span> <span class='ocrx_word' id='word_1_859' title='bbox 2570 4593 2686 4663; x_wconf 79' lang='lat' dir='ltr'><strong><em>ﬁeri</em></strong></span> <span class='ocrx_word' id='word_1_860' title='bbox 2707 4601 2868 4665; x_wconf 78' lang='lat' dir='ltr'><strong><em>potest</em></strong></span> <span class='ocrx_word' id='word_1_861' title='bbox 2913 4593 3053 4665; x_wconf 85' lang='lat' dir='ltr'><strong><em>quod</em></strong></span> <span class='ocrx_word' id='word_1_862' title='bbox 3088 4609 3154 4647; x_wconf 68' lang='lat' dir='ltr'><strong><em>ex</em></strong></span> <span class='ocrx_word' id='word_1_863' title='bbox 3194 4592 3335 4647; x_wconf 84' lang='lat' dir='ltr'><strong><em>vobis</em></strong></span> <span class='ocrx_word' id='word_1_864' title='bbox 3360 4602 3457 4657; x_wconf 82' lang='lat' dir='ltr'><strong><em>est,</em></strong></span> <span class='ocrx_word' id='word_1_865' title='bbox 3504 4608 3626 4647; x_wconf 65' lang='lat' dir='ltr'><strong><em>cum</em></strong></span> <span class='ocrx_word' id='word_1_866' title='bbox 3664 4611 3777 4650; x_wconf 68' lang='lat' dir='ltr'><strong><em>ou-</em></strong></span> 
     </span>
    </p>
   </div>
   <div class='ocr_carea' id='block_1_108' title="bbox 2184 4684 3780 4758">
    <p class='ocr_par' dir='ltr' id='par_1_108' title="bbox 2184 4684 3780 4758">
     <span class='ocr_line' id='line_1_108' title="bbox 2184 4684 3780 4758; baseline 0.002 -18"><span class='ocrx_word' id='word_1_867' title='bbox 2184 4687 2336 4743; x_wconf 87' lang='lat' dir='ltr'><strong><em>nibus</em></strong></span> <span class='ocrx_word' id='word_1_868' title='bbox 2366 4686 2664 4742; x_wconf 87' lang='lat' dir='ltr'><strong><em>hominibus</em></strong></span> <span class='ocrx_word' id='word_1_869' title='bbox 2704 4702 2882 4758; x_wconf 82' lang='lat' dir='ltr'><strong><em>pacem</em></strong></span> <span class='ocrx_word' id='word_1_870' title='bbox 2929 4687 3194 4742; x_wconf 85' lang='lat' dir='ltr'><strong><em>habentes.</em></strong></span> <span class='ocrx_word' id='word_1_871' title='bbox 3250 4684 3457 4757; x_wconf 82' lang='lat' dir='ltr'><strong><em>(Greg.)</em></strong></span> <span class='ocrx_word' id='word_1_872' title='bbox 3511 4686 3780 4749; x_wconf 72' lang='lat' dir='ltr'><strong><em>[inﬂatus</em></strong></span> 
     </span>
    </p>
   </div>
   <div class='ocr_carea' id='block_1_109' title="bbox 2183 4778 3773 4851">
    <p class='ocr_par' dir='ltr' id='par_1_109' title="bbox 2183 4778 3773 4851">
     <span class='ocr_line' id='line_1_109' title="bbox 2183 4778 3773 4851; baseline 0 -15"><span class='ocrx_word' id='word_1_873' title='bbox 2183 4782 2326 4837; x_wconf 88' lang='lat' dir='ltr'><strong><em>enim</em></strong></span> <span class='ocrx_word' id='word_1_874' title='bbox 2372 4779 2683 4851; x_wconf 90' lang='lat' dir='ltr'><strong><em>discipulos,</em></strong></span> <span class='ocrx_word' id='word_1_875' title='bbox 2715 4789 2777 4834; x_wconf 89' lang='lat' dir='ltr'><strong><em>ut</em></strong></span> <span class='ocrx_word' id='word_1_876' title='bbox 2800 4794 2986 4850; x_wconf 86' lang='lat' dir='ltr'><strong><em>pacem</em></strong></span> <span class='ocrx_word' id='word_1_877' title='bbox 3029 4795 3156 4835; x_wconf 90' lang='lat' dir='ltr'><strong><em>cum</em></strong></span> <span class='ocrx_word' id='word_1_878' title='bbox 3198 4779 3448 4835; x_wconf 89' lang='lat' dir='ltr'><strong><em>omnibus</em></strong></span> <span class='ocrx_word' id='word_1_879' title='bbox 3475 4778 3773 4843; x_wconf 74' lang='lat' dir='ltr'><strong><em>haberent,</em></strong></span> 
     </span>
    </p>
   </div>
   <div class='ocr_carea' id='block_1_110' title="bbox 2183 4870 3773 4942">
    <p class='ocr_par' dir='ltr' id='par_1_110' title="bbox 2183 4870 3773 4942">
     <span class='ocr_line' id='line_1_110' title="bbox 2183 4870 3773 4942; baseline -0.001 -16"><span class='ocrx_word' id='word_1_880' title='bbox 2183 4871 2464 4941; x_wconf 72' lang='lat' dir='ltr'><strong><em>praemisit,</em></strong></span> <span class='ocrx_word' id='word_1_881' title='bbox 2512 4872 2716 4927; x_wconf 87' lang='lat' dir='ltr'><strong><em>dicens.</em></strong></span> <span class='ocrx_word' id='word_1_882' title='bbox 2769 4871 2831 4927; x_wconf 89' lang='lat' dir='ltr'><strong><em>Si</em></strong></span> <span class='ocrx_word' id='word_1_883' title='bbox 2864 4870 2980 4940; x_wconf 77' lang='lat' dir='ltr'><strong><em>ﬁeri</em></strong></span> <span class='ocrx_word' id='word_1_884' title='bbox 3004 4880 3204 4942; x_wconf 83' lang='lat' dir='ltr'><strong><em>potest,</em></strong></span> <span class='ocrx_word' id='word_1_885' title='bbox 3256 4880 3421 4942; x_wconf 87' lang='lat' dir='ltr'><strong><em>atque</em></strong></span> <span class='ocrx_word' id='word_1_886' title='bbox 3465 4870 3773 4940; x_wconf 74' lang='lat' dir='ltr'><strong><em>subiunxit,</em></strong></span> 
     </span>
    </p>
   </div>
   <div class='ocr_carea' id='block_1_111' title="bbox 2183 4961 3775 5037">
    <p class='ocr_par' dir='ltr' id='par_1_111' title="bbox 2183 4961 3775 5037">
     <span class='ocr_line' id='line_1_111' title="bbox 2183 4961 3775 5037; baseline 0 -20"><span class='ocrx_word' id='word_1_887' title='bbox 2183 4964 2326 5037; x_wconf 81' lang='lat' dir='ltr'><strong><em>quod</em></strong></span> <span class='ocrx_word' id='word_1_888' title='bbox 2349 4980 2413 5020; x_wconf 80' lang='lat' dir='ltr'><strong><em>ex</em></strong></span> <span class='ocrx_word' id='word_1_889' title='bbox 2440 4964 2579 5020; x_wconf 89' lang='lat' dir='ltr'><strong><em>vobis</em></strong></span> <span class='ocrx_word' id='word_1_890' title='bbox 2624 4972 2731 5032; x_wconf 86' lang='lat' dir='ltr'><strong><em>est,</em></strong></span> <span class='ocrx_word' id='word_1_891' title='bbox 2765 4961 2976 5021; x_wconf 85' lang='lat' dir='ltr'><strong><em>diiiicile</em></strong></span> <span class='ocrx_word' id='word_1_892' title='bbox 3004 4964 3202 5034; x_wconf 83' lang='lat' dir='ltr'><strong><em>quippe</em></strong></span> <span class='ocrx_word' id='word_1_893' title='bbox 3242 4971 3374 5029; x_wconf 80' lang='lat' dir='ltr'><strong><em>erat,</em></strong></span> <span class='ocrx_word' id='word_1_894' title='bbox 3422 4972 3484 5019; x_wconf 85' lang='lat' dir='ltr'><strong><em>ut</em></strong></span> <span class='ocrx_word' id='word_1_895' title='bbox 3532 4964 3586 5020; x_wconf 85' lang='lat' dir='ltr'><strong><em>si</em></strong></span> <span class='ocrx_word' id='word_1_896' title='bbox 3632 4963 3775 5018; x_wconf 75' lang='lat' dir='ltr'><strong><em>male</em></strong></span> 
     </span>
    </p>
   </div>
   <div class='ocr_carea' id='block_1_112' title="bbox 2187 5055 3774 5126">
    <p class='ocr_par' dir='ltr' id='par_1_112' title="bbox 2187 5055 3774 5126">
     <span class='ocr_line' id='line_1_112' title="bbox 2187 5055 3774 5126; baseline -0.001 -15"><span class='ocrx_word' id='word_1_897' title='bbox 2187 5065 2309 5113; x_wconf 88' lang='lat' dir='ltr'><strong><em>acta</em></strong></span> <span class='ocrx_word' id='word_1_898' title='bbox 2340 5056 2699 5126; x_wconf 86' lang='lat' dir='ltr'><strong><em>corriperent,</em></strong></span> <span class='ocrx_word' id='word_1_899' title='bbox 2735 5055 2936 5111; x_wconf 86' lang='lat' dir='ltr'><strong><em>habere</em></strong></span> <span class='ocrx_word' id='word_1_900' title='bbox 2962 5070 3148 5126; x_wconf 83' lang='lat' dir='ltr'><strong><em>pacem</em></strong></span> <span class='ocrx_word' id='word_1_901' title='bbox 3178 5071 3299 5111; x_wconf 91' lang='lat' dir='ltr'><strong><em>cum</em></strong></span> <span class='ocrx_word' id='word_1_902' title='bbox 3342 5055 3600 5110; x_wconf 88' lang='lat' dir='ltr'><strong><em>omnibus</em></strong></span> <span class='ocrx_word' id='word_1_903' title='bbox 3638 5071 3774 5123; x_wconf 81' lang='lat' dir='ltr'><strong><em>pos—</em></strong></span> 
     </span>
    </p>
   </div>
   <div class='ocr_carea' id='block_1_113' title="bbox 2178 5138 3779 5222">
    <p class='ocr_par' dir='ltr' id='par_1_113' title="bbox 2178 5138 3779 5222">
     <span class='ocr_line' id='line_1_113' title="bbox 2178 5138 3779 5222; baseline -0.005 -12"><span class='ocrx_word' id='word_1_904' title='bbox 2178 5152 2319 5219; x_wconf 33' lang='lat' dir='ltr'><strong><em>‘sint,</em></strong></span> <span class='ocrx_word' id='word_1_905' title='bbox 2344 5153 2438 5209; x_wconf 89' lang='lat' dir='ltr'><strong><em>sed</em></strong></span> <span class='ocrx_word' id='word_1_906' title='bbox 2469 5167 2592 5207; x_wconf 91' lang='lat' dir='ltr'><strong><em>cum</em></strong></span> <span class='ocrx_word' id='word_1_907' title='bbox 2624 5149 2934 5222; x_wconf 88' lang='lat' dir='ltr'><strong><em>temporalis</em></strong></span> <span class='ocrx_word' id='word_1_908' title='bbox 2957 5164 3065 5219; x_wconf 80' lang='lat' dir='ltr'><strong><em>pax</em></strong></span> <span class='ocrx_word' id='word_1_909' title='bbox 3092 5138 3148 5203; x_wconf 86' lang='lat' dir='ltr'><strong><em>in</em></strong></span> <span class='ocrx_word' id='word_1_910' title='bbox 3192 5164 3485 5219; x_wconf 85' lang='lat' dir='ltr'><strong><em>pravorum</em></strong></span> <span class='ocrx_word' id='word_1_911' title='bbox 3514 5148 3779 5203; x_wconf 83' lang='lat' dir='ltr'><strong><em>cordibus</em></strong></span> 
     </span>
    </p>
   </div>
   <div class='ocr_carea' id='block_1_114' title="bbox 2188 5237 3778 5311">
    <p class='ocr_par' dir='ltr' id='par_1_114' title="bbox 2188 5237 3778 5311">
     <span class='ocr_line' id='line_1_114' title="bbox 2188 5237 3778 5311; baseline -0.004 -11"><span class='ocrx_word' id='word_1_912' title='bbox 2188 5260 2258 5300; x_wconf 83' lang='lat' dir='ltr'><strong><em>ex</em></strong></span> <span class='ocrx_word' id='word_1_913' title='bbox 2280 5252 2467 5299; x_wconf 90' lang='lat' dir='ltr'><strong><em>nostra</em></strong></span> <span class='ocrx_word' id='word_1_914' title='bbox 2490 5241 2861 5311; x_wconf 88' lang='lat' dir='ltr'><strong><em>increpatione</em></strong></span> <span class='ocrx_word' id='word_1_915' title='bbox 2879 5239 3245 5309; x_wconf 89' lang='lat' dir='ltr'><strong><em>confunditur,</em></strong></span> <span class='ocrx_word' id='word_1_916' title='bbox 3262 5237 3519 5296; x_wconf 87' lang='lat' dir='ltr'><strong><em>inviolata</em></strong></span> <span class='ocrx_word' id='word_1_917' title='bbox 3547 5254 3778 5295; x_wconf 72' lang='lat' dir='ltr'><strong><em>necesse</em></strong></span> 
     </span>
    </p>
   </div>
   <div class='ocr_carea' id='block_1_115' title="bbox 2185 5331 3779 5400">
    <p class='ocr_par' dir='ltr' id='par_1_115' title="bbox 2185 5331 3779 5400">
     <span class='ocr_line' id='line_1_115' title="bbox 2185 5331 3779 5400; baseline -0.006 -3"><span class='ocrx_word' id='word_1_918' title='bbox 2185 5346 2273 5397; x_wconf 88' lang='lat' dir='ltr'><strong><em>est</em></strong></span> <span class='ocrx_word' id='word_1_919' title='bbox 2323 5337 2463 5393; x_wconf 91' lang='lat' dir='ltr'><strong><em>utin</em></strong></span> <span class='ocrx_word' id='word_1_920' title='bbox 2510 5336 2673 5390; x_wconf 88' lang='lat' dir='ltr'><strong><em>corde</em></strong></span> <span class='ocrx_word' id='word_1_921' title='bbox 2714 5340 2913 5390; x_wconf 45' lang='lat' dir='ltr'><strong><em>«nostro</em></strong></span> <span class='ocrx_word' id='word_1_922' title='bbox 2960 5340 3229 5398; x_wconf 86' lang='lat' dir='ltr'><strong><em>servetur,</em></strong></span> <span class='ocrx_word' id='word_1_923' title='bbox 3274 5339 3422 5388; x_wconf 85' lang='lat' dir='ltr'><strong><em>recte</em></strong></span> <span class='ocrx_word' id='word_1_924' title='bbox 3468 5331 3652 5400; x_wconf 85' lang='lat' dir='ltr'><strong><em>itaque</em></strong></span> <span class='ocrx_word' id='word_1_925' title='bbox 3676 5332 3779 5393; x_wconf 80' lang='lat' dir='ltr'><strong><em>ait,</em></strong></span> 
     </span>
    </p>
   </div>
   <div class='ocr_carea' id='block_1_116' title="bbox 2184 5424 3809 5502">
    <p class='ocr_par' dir='ltr' id='par_1_116' title="bbox 2184 5424 3809 5502">
     <span class='ocr_line' id='line_1_116' title="bbox 2184 5424 3809 5502; baseline -0.004 -18"><span class='ocrx_word' id='word_1_926' title='bbox 2184 5429 2324 5502; x_wconf 84' lang='lat' dir='ltr'><strong><em>quod</em></strong></span> <span class='ocrx_word' id='word_1_927' title='bbox 2355 5444 2419 5483; x_wconf 78' lang='lat' dir='ltr'><strong><em>ea:</em></strong></span> <span class='ocrx_word' id='word_1_928' title='bbox 2449 5428 2591 5482; x_wconf 88' lang='lat' dir='ltr'><strong><em>vobis</em></strong></span> <span class='ocrx_word' id='word_1_929' title='bbox 2614 5434 2710 5492; x_wconf 89' lang='lat' dir='ltr'><strong><em>est,</em></strong></span> <span class='ocrx_word' id='word_1_930' title='bbox 2752 5441 2817 5481; x_wconf 90' lang='lat' dir='ltr'><strong><em>ac</em></strong></span> <span class='ocrx_word' id='word_1_931' title='bbox 2840 5424 2888 5481; x_wconf 89' lang='lat' dir='ltr'><strong><em>si</em></strong></span> <span class='ocrx_word' id='word_1_932' title='bbox 2912 5425 3171 5479; x_wconf 72' lang='lat' dir='ltr'><strong><em>nnnirum</em></strong></span> <span class='ocrx_word' id='word_1_933' title='bbox 3197 5424 3382 5481; x_wconf 88' lang='lat' dir='ltr'><strong><em>dicat:</em></strong></span> <span class='ocrx_word' id='word_1_934' title='bbox 3409 5424 3535 5494; x_wconf 86' lang='lat' dir='ltr'><strong><em>quia</em></strong></span> <span class='ocrx_word' id='word_1_935' title='bbox 3576 5437 3685 5492; x_wconf 74' lang='lat' dir='ltr'><strong><em>pax</em></strong></span> <span class='ocrx_word' id='word_1_936' title='bbox 3707 5439 3809 5478; x_wconf 73' lang='lat' dir='ltr'><strong><em>ex.</em></strong></span> 
     </span>
    </p>
   </div>
   <div class='ocr_carea' id='block_1_117' title="bbox 2186 5516 3783 5605">
    <p class='ocr_par' dir='ltr' id='par_1_117' title="bbox 2186 5516 3783 5592">
     <span class='ocr_line' id='line_1_117' title="bbox 2186 5516 3783 5592; baseline -0.006 -12"><span class='ocrx_word' id='word_1_937' title='bbox 2186 5523 2416 5580; x_wconf 89' lang='lat' dir='ltr'><strong><em>duarum</em></strong></span> <span class='ocrx_word' id='word_1_938' title='bbox 2443 5521 2678 5592; x_wconf 90' lang='lat' dir='ltr'><strong><em>partium</em></strong></span> <span class='ocrx_word' id='word_1_939' title='bbox 2704 5534 2971 5575; x_wconf 88' lang='lat' dir='ltr'><strong><em>consensu</em></strong></span> <span class='ocrx_word' id='word_1_940' title='bbox 3000 5517 3270 5583; x_wconf 87' lang='lat' dir='ltr'><strong><em>subsistit,</em></strong></span> <span class='ocrx_word' id='word_1_941' title='bbox 3322 5518 3417 5574; x_wconf 89' lang='lat' dir='ltr'><strong><em>sed</em></strong></span> <span class='ocrx_word' id='word_1_942' title='bbox 3460 5527 3527 5572; x_wconf 82' lang='lat' dir='ltr'><strong><em>ab</em></strong></span> <span class='ocrx_word' id='word_1_943' title='bbox 3556 5516 3640 5571; x_wconf 81' lang='lat' dir='ltr'><strong><em>eis</em></strong></span> <span class='ocrx_word' id='word_1_944' title='bbox 3678 5520 3783 5585; x_wconf 83' lang='lat' dir='ltr'><strong><em>qui</em></strong></span> 
     </span>
    </p>
   </div>
   <div class='ocr_carea' id='block_1_118' title="bbox 2188 5606 3785 5688">
    <p class='ocr_par' dir='ltr' id='par_1_118' title="bbox 2188 5606 3785 5688">
     <span class='ocr_line' id='line_1_118' title="bbox 2188 5606 3785 5688; baseline -0.008 -17"><span class='ocrx_word' id='word_1_945' title='bbox 2188 5616 2553 5686; x_wconf 89' lang='lat' dir='ltr'><strong><em>corripiuntur</em></strong></span> <span class='ocrx_word' id='word_1_946' title='bbox 2578 5612 2888 5688; x_wconf 78' lang='lat' dir='ltr'><strong><em>expellitur,</em></strong></span> <span class='ocrx_word' id='word_1_947' title='bbox 2930 5612 3138 5686; x_wconf 87' lang='lat' dir='ltr'><strong><em>integra</em></strong></span> <span class='ocrx_word' id='word_1_948' title='bbox 3165 5618 3346 5667; x_wconf 87' lang='lat' dir='ltr'><strong><em>tamen</em></strong></span> <span class='ocrx_word' id='word_1_949' title='bbox 3373 5609 3427 5663; x_wconf 92' lang='lat' dir='ltr'><strong><em>in</em></strong></span> <span class='ocrx_word' id='word_1_950' title='bbox 3454 5614 3655 5670; x_wconf 80' lang='lat' dir='ltr'><strong><em>vestra,</em></strong></span> <span class='ocrx_word' id='word_1_951' title='bbox 3679 5606 3785 5675; x_wconf 77' lang='lat' dir='ltr'><strong><em>qui</em></strong></span> 
     </span>
    </p>
   </div>
   <div class='ocr_carea' id='block_1_119' title="bbox 2122 5697 3782 5794">
    <p class='ocr_par' dir='ltr' id='par_1_119' title="bbox 2122 5697 3782 5794">
     <span class='ocr_line' id='line_1_119' title="bbox 2122 5697 3782 5794; baseline -0.005 -27"><span class='ocrx_word' id='word_1_952' title='bbox 2122 5789 2144 5794; x_wconf 29' lang='grc' dir='ltr'><strong><em>Δ</em></strong></span> <span class='ocrx_word' id='word_1_953' title='bbox 2188 5708 2484 5780; x_wconf 85' lang='lat' dir='ltr'><strong><em>corripitis,</em></strong></span> <span class='ocrx_word' id='word_1_954' title='bbox 2523 5714 2704 5763; x_wconf 87' lang='lat' dir='ltr'><strong><em>mente</em></strong></span> <span class='ocrx_word' id='word_1_955' title='bbox 2730 5714 2997 5765; x_wconf 82' lang='lat' dir='ltr'><strong><em>teneatur.</em></strong></span> <span class='ocrx_word' id='word_1_956' title='bbox 3028 5704 3179 5763; x_wconf 86' lang='lat' dir='ltr'><strong><em>Unde</em></strong></span> <span class='ocrx_word' id='word_1_957' title='bbox 3213 5703 3355 5762; x_wconf 87' lang='lat' dir='ltr'><strong><em>idem</em></strong></span> <span class='ocrx_word' id='word_1_958' title='bbox 3381 5715 3590 5768; x_wconf 77' lang='lat' dir='ltr'><strong><em>rursus.</em></strong></span> <span class='ocrx_word' id='word_1_959' title='bbox 3613 5697 3782 5759; x_wconf 74' lang='lat' dir='ltr'><strong><em>disci-</em></strong></span> 
     </span>
    </p>
   </div>
   <div class='ocr_carea' id='block_1_120' title="bbox 3874 80 3936 183">
    <p class='ocr_par' dir='ltr' id='par_1_120' title="bbox 3874 80 3936 183">
     <span class='ocr_line' id='line_1_120' title="bbox 3874 80 3936 183; baseline 0 0"><span class='ocrx_word' id='word_1_960' title='bbox 3874 80 3936 183; x_wconf 66' lang='grc'><strong>4</strong></span> 
     </span>
    </p>
   </div>
   <div class='ocr_carea' id='block_1_121' title="bbox 3880 178 3935 227">
    <p class='ocr_par' dir='ltr' id='par_1_121' title="bbox 3880 178 3935 227">
     <span class='ocr_line' id='line_1_121' title="bbox 3880 178 3935 227; baseline 0 0"><span class='ocrx_word' id='word_1_961' title='bbox 3880 178 3935 227; x_wconf 76' lang='lat' dir='ltr'><strong><em>ii&quot;</em></strong></span> 
     </span>
    </p>
   </div>
  </div>
