2000 3199
257 132 323 161 1571

573 131 604 159 Β.
624 126 753 159 RABANI
773 128 883 159 MAURl
901 125 1062 158 ARCHIEP.
1083 126 1238 158 MOGUNT.
1258 128 1402 158 OPERUM
1419 127 1509 156 PARS
1527 127 1571 156 ll].

1860 127 1927 154 132

256 190 294 219 hil
309 188 438 217 habebit?
462 185 538 215 Nunc
551 191 641 215 autem
664 188 749 215 adhuc
771 188 951 215 tentationum
966 186 1049 214 mole.
1063 188 1088 219 Α
1102 186 1234 213 Christum
1250 192 1273 213 et
1295 187 1384 214 carnis
1404 194 1495 213 curam
1517 194 1548 213 ne
1564 185 1680 220 feceritis
1699 186 1730 212 in
1758 185 1924 213 desideriis.

256 237 324 265 stias
353 235 500 267 sustinens,
530 234 592 269 quia
621 242 671 269 per
699 235 876 262 intentionem
905 234 996 262 cordis
1020 233 1053 260 ad

257 282 329 310 aliud
342 281 449 309 festinat
462 280 593 313 Ecclesia,
607 280 641 307 ad
652 280 740 307 locum
752 288 828 308 suum
840 280 926 307 tendit
938 287 1050 306 aurora:

258 336 338 365 quem
357 328 444 355 locum
468 327 489 354 si
503 331 593 353 mente
615 334 667 353 non
684 331 817 358 cerneret,
835 327 862 353 in
886 325 965 359 hujus
992 326 1053 352 vitae

257 377 336 401 nocte
349 376 511 399 remaneret.
521 371 573 398 Sed
585 379 645 397 cum
658 371 776 405 quotidie
788 371 937 402 contendit,
946 375 1053 405 proten-

259 419 298 447 dit
308 418 401 453 perﬁci
415 422 441 444 et
455 417 481 444 in
496 417 583 443 lucem
598 416 718 451 quotidie
738 416 843 451 augeri,
865 416 954 443 locum
974 423 1051 442 suum

256 464 311 499 jam
322 463 460 498 conspicit
473 467 498 489 et
521 462 599 497 plene
613 462 662 489 sibi
676 462 826 489 clarescere
846 461 929 489 solem
944 461 1050 495 quierit.

259 510 359 537 Locum
371 515 447 536 suum
455 515 551 535 aurora
564 507 730 539 considerat,
738 508 847 542 quando
859 511 952 534 sancta
963 506 1051 533 anima

260 555 292 581 ad
307 552 539 588 coutcmplandam
559 552 706 579 conditoris
731 553 770 579 sui
787 551 903 587 speciem
929 551 1032 585 ﬂagrat.

295 600 457 634 Abjiciamus
483 606 543 633 ergo
573 606 650 633 opera
675 597 840 624 terrebrarum
862 601 884 624 ct
909 597 1053 623 induamur

260 654 333 672 arma
351 645 427 671 lucis.
452 644 462 680 (
476 643 569 671 Ambr.
584 643 593 677 )
618 643 804 670 'l‘cncbrarum
819 646 881 669 sunt
901 649 982 677 opera
997 641 1053 668 vita

260 691 386 722 carnalis,
402 698 462 725 qum
483 689 618 717 illecebris
632 689 721 724 agitur
735 688 921 719 sateularibus,
938 687 997 715 haec
1011 687 1052 714 di-

259 746 310 776 gnn
317 741 358 764 est
370 736 499 769 tenebris,
512 736 582 763 sicut
591 735 656 762 dicit
674 734 821 761 Dominus:
841 733 934 760 Toilite
943 733 1017 760 illum
1029 737 1053 759 et

260 785 347 820 ligatis
361 783 481 810 manibus
494 787 517 809 ct
531 782 652 816 pedibus,
664 781 756 808 mittite
768 781 794 808 in
807 780 924 807 tenebras
938 780 1053 807 exterio—

261 839 299 857 res
312 828 507 865 (MIHI/LXXII).
522 827 634 854 lnducrc
646 833 720 853 arma
732 826 799 853 lucis
811 830 886 861 gesta
895 829 958 852 sunt
969 825 1050 857 bona,

1104 233 1202 261 Curam
1217 233 1306 261 carnis
1322 229 1457 268 prohibet,
1474 233 1501 259 id
1516 237 1566 265 est,
1581 232 1771 267 voluptatem,
1790 237 1826 258 ut
1844 241 1926 259 olnze

1103 279 1174 314 quod
1186 279 1344 314 prohibetur
1355 287 1403 313 per
1415 278 1500 313 legem
1511 285 1563 305 non
1572 278 1765 309 desideretur,
1783 282 1838 305 aut
1851 284 1926 305 civ-ne

1104 325 1286 352 desideratum
1300 324 1442 351 vincatur:
1458 324 1515 358 ipsa
1531 328 1595 351 sunt
1608 324 1683 351 enim
1701 331 1798 358 opera
1815 325 1922 351 carnis.

1103 372 1185 399 utbis
1198 372 1283 403 exuti,
1300 371 1413 398 induant
1427 371 1571 397 Dominum
1591 370 1687 397 Jesum
1705 370 1882 402 Christum,
1900 372 1924 397 εξ

1103 422 1154 449 est,
1171 417 1291 444 inuovati
1303 424 1351 451 per
1362 417 1501 444 Christum
1513 417 1546 443 ab
1558 416 1599 443 his
1612 416 1694 443 malis
1710 424 1744 443 se
1762 416 1921 443 retineant.

1104 462 1203 499 (Oi-ig.)
1232 463 1401 496 Frequenter
1426 462 1543 489 diximus
1567 462 1711 489 Christum
1749 463 1919 497 sapientiam

1104 517 1173 541 esse,
1188 508 1360 545 etjustitiam
1381 513 1408 535 et
1431 509 1688 540 sanetilicationem,
1707 513 1735 535 et
1756 509 1918 535 veritatem.

1104 560 1131 583 et
1140 563 1234 582 onmes
1246 554 1325 582 simul
1338 554 1462 587 virtutes,
1474 561 1541 588 quas
1552 553 1643 588 utique
1655 553 1706 588 qui
1718 556 1917 588 assumpseri’.

1104 600 1240 627 Christum
1265 599 1330 626 dicit
1357 597 1476 625 induisse
1494 608 1500 624 :
1519 598 1542 625 si
1557 598 1629 625 enim
1644 598 1705 625 hac
1722 598 1827 625 omnia
1847 599 1918 625 (ζὲιὲ-

1105 650 1163 673 stus
1174 650 1224 678 est,
1233 645 1387 672 necessario
1400 644 1447 679 qui
1459 644 1516 672 haec
1522 643 1612 676 habet,
1622 644 1708 671 habet
1717 648 1746 671 et
1756 643 1916 673 Christum:

1104 692 1149 726 qui
1160 692 1231 718 enim
1245 692 1303 718 haec
1318 692 1408 723 habet,
1424 690 1514 718 carnis
1527 698 1620 717 curam
1635 690 1664 717 in
1676 692 1916 725 concupiscentiis

1104 745 1158 764 non
1174 736 1247 763 facit.
1264 735 1445 763 Moderatione
1457 735 1533 763 solita
1553 735 1705 769 Apostolus
1728 735 1837 766 utitur,
1862 743 1915 762 cu

1079 796 1083 801 ν
1105 791 1157 810 non
1173 790 1222 818 per
1233 783 1322 810 omnia
1345 782 1435 810 carnis
1451 789 1545 809 curam
1566 787 1649 817 negat
1663 782 1848 815 habendam,
1864 791 1917 809 crr-

1105 833 1161 855 tum
1176 832 1217 855 est
1232 828 1304 855 enim
1320 827 1392 862 quod
1413 827 1440 853 in
1465 827 1627 853 necessariis
1649 827 1790 854 habenda
1808 832 1870 856 est.
1896 828 1917 854 in

260 878 323 913 quia
331 878 400 905 sicut
410 875 473 903 mali
481 879 557 902 actus
573 874 690 901 tenebris
698 874 870 908 deputantur,
878 873 940 907 quia
948 872 1052 899 occulte
1067 870 1090 899 B
1105 875 1218 907 deliciis,
1228 880 1253 900 ct
1263 873 1378 906 luxuria,
1389 877 1470 908 atque
1480 873 1552 900 omni
1563 864 1801 907 concupiscentia
1816 874 1916 908 penitus

261 924 327 950 ﬁunt
339 923 373 949 ab
394 922 428 948 iis
443 921 489 956 qui
505 920 575 947 male
590 924 672 952 agunt
689 928 695 945 ε
711 919 748 946 ita
763 923 791 945 et
805 919 850 954 qui
866 918 935 946 bene
957 920 1051 953 agunt,

261 970 351 1004 palam
368 972 459 1004 agunt,
474 967 537 1001 quia
549 971 601 993 non
618 970 755 996 verentur,
773 965 820 992 sed
845 965 971 1000 gaudent.
986 964 1053 992 Boni

261 1022 325 1049 ergo
343 1018 419 1040 actus
433 1020 507 1039 arma
530 1011 599 1038 lueis
622 1015 694 1043 sunt,
710 1011 900 1045 impugnantcs
916 1011 1052 1042 tenebras,

260 1067 320 1094 quae
331 1062 392 1086 Stllll
406 1057 576 1089 vitiacarnis.
592 1055 663 1082 Sicut
676 1056 703 1082 in
714 1055 755 1082 die
764 1055 870 1082 honeste
881 1055 1052 1082 ambulemus.

260 1107 359 1134 Verum
374 1109 426 1137 est,
438 1109 469 1131 ut
483 1104 545 1139 quia
554 1102 661 1138 publice
671 1110 724 1129 non
738 1106 876 1137 peccatur,
891 1102 929 1129 sic
942 1110 1054 1137 agamus

260 1150 395 1186 quomodo
417 1150 506 1184 agitur
518 1147 637 1184 publice,
660 1147 727 1174 nihil
749 1147 821 1174 enim
848 1151 901 1174 tam
916 1147 1053 1182 publicum

261 1204 341 1231 quam
354 1195 465 1223 veritas.
481 1193 580 1230 (θήρ.)
594 1193 693 1220 Verum
706 1193 844 1220 sciendum
857 1196 897 1219 est
911 1192 1055 1219 adventum

261 1242 329 1270 lucis
350 1241 430 1276 hujus
453 1244 479 1267 ct
505 1239 557 1267 die’i
581 1238 680 1273 duplici
703 1238 784 1265 modo
810 1237 1009 1272 accipiendum,
1030 1241 1057 1265 ct

261 1289 415 1324 generalem
429 1287 561 1317 omnibus,
584 1291 609 1313 et
625 1285 770 1320 unicuique
791 1284 946 1319 specialem.
968 1284 1058 1311 Getic-

262 1335 328 1362 ralis
340 1333 465 1361 omnibus
484 1332 570 1359 aderit
581 1331 626 1358 lux
640 1335 667 1358 ct
691 1330 758 1362 dies,
776 1334 841 1358 cum
856 1327 939 1357 futuri
966 1328 1056 1357 sat-culi

263 1386 369 1415 tempus
378 1378 536 1410 advenerit;
548 1378 581 1405 ad
589 1377 664 1412 cujus
672 1375 902 1411 comparationem
913 1376 1056 1411 pra-sentis

264 1426 343 1461 hujus
356 1423 447 1452 mundi
459 1424 575 1459 spatium
585 1422 703 1450 tenebras
715 1421 894 1456 appellantur,
908 1421 979 1455 quod
989 1425 1058 1447 tem-

263 1479 314 1508 pus
325 1471 525 1499 labescentibus
541 1469 663 1504 quotidie
678 1468 773 1495 diebus
786 1466 937 1502 appropiat,
950 1470 978 1493 et
995 1473 1057 1501 spa-

265 1518 313 1549 tia,
331 1524 391 1551 qua:
406 1514 551 1548 prmteritis
565 1515 708 1548 augentur,
725 1512 822 1539 futuris
839 1512 897 1539 sine
911 1511 992 1538 dubio
1007 1511 1058 1537 mi-

1107 921 1281 948 excludenda.
1292 919 1382 955 (Aug.)
1397 919 1520 947 Ostendit
1534 927 1598 954 ergo
1607 926 1662 946 non
1674 926 1742 946 esse
1754 919 1917 954 culpari-lata

1107 960 1197 994 carnis
1223 966 1430 1001 providentiam,
1458 966 1566 999 quando
1590 972 1622 991 ea
1647 965 1845 999 providentur
1867 973 1917 999 qn

1107 1014 1140 1041 ad
1163 1013 1353 1040 necessitatem
1376 1011 1471 1039 salutis
1485 1011 1634 1046 corporalis
1648 1010 1771 1040 valent;
1794 1011 1818 1037 si
1836 1016 1917 1037 autem

1108 1061 1141 1088 ad
1167 1058 1320 1094 superﬂuas
1357 1058 1562 1089 delectationes,
1592 1062 1675 1092 atque
1701 1057 1865 1085 luxuriam.
1895 1062 1918 1083 ut

1109 1106 1223 1140 quisque
1238 1106 1264 1132 in
1278 1104 1321 1131 his
1334 1104 1448 1139 gaudeat
1464 1111 1523 1138 quze
1536 1110 1618 1130 carne
1637 1103 1730 1137 cupit,
1740 1109 1826 1131 recte
1837 1110 1917 1138 repre-

1109 1151 1245 1183 henditur,
1254 1151 1316 1185 quia
1332 1148 1528 1185 providentiam
1542 1149 1633 1176 carnis
1644 1149 1671 1176 in
1684 1149 1917 1183 concupiscentiis

1108 1195 1182 1223 facit.
1207 1206 1216 1221 ‹
1231 1195 1363 1229 Quoniam
1378 1194 1423 1229 qui
1439 1195 1555 1222 seminat
1566 1195 1593 1221 in
1604 1201 1690 1221 carne
1709 1195 1834 1227 sua,'de
1848 1203 1917 1222 carm

1108 1244 1193 1268 metet
1217 1240 1430 1275 corruptionem,
1457 1250 1465 1265 ι
1491 1240 1518 1267 id
1537 1244 1588 1272 est,
1609 1240 1654 1274 qui
1683 1240 1917 1267 delectationibus

1084 1304 1089 1308 -
1109 1286 1264 1313 carnalibus
1279 1286 1387 1321 gaudet.
1401 1285 1503 1321 (Gr-eg.)
1519 1284 1624 1318 Carnis,
1652 1286 1765 1320 inquit,
1785 1295 1879 1313 caram
1893 1296 1915 1312 κ

1109 1332 1221 1366 feceritis
1237 1332 1263 1358 in
1274 1331 1501 1366 concupiscentiis.
1517 1330 1571 1357 Sed
1586 1331 1613 1357 in
1628 1330 1672 1357 his
1689 1332 1836 1359 nimirum
1851 1332 1917 1359 ducis

1110 1386 1141 1405 ac
1154 1377 1246 1405 militis
1262 1377 1352 1404 verbis
1366 1378 1537 1412 agnoscimus
1550 1377 1613 1411 quia
1636 1380 1704 1403 tunc
1716 1377 1757 1403 ab
1773 1385 1810 1404 ea
1828 1379 1914 1405 morti-

1110 1424 1168 1452 fero
1179 1424 1290 1450 vulnere
1304 1423 1409 1450 animus
1425 1424 1554 1458 pangitur
1566 1443 1574 1455 ,
1597 1431 1658 1450 eum
1675 1423 1705 1450 in
1731 1431 1770 1451 ea
1788 1431 1915 1451 mensura!

1110 1470 1223 1504 arquitas
1245 1477 1298 1496 non
1312 1473 1420 1496 tenetur
1434 1478 1440 1495 :
1458 1475 1545 1503 neque
1558 1468 1630 1495 enim
1652 1468 1771 1496 mortali
1788 1469 1880 1496 adhuc
1895 1471 1915 1496 in

1111 1522 1193 1542 carne
1214 1515 1367 1542 viventibus
1389 1514 1509 1541 funditus
1529 1521 1595 1541 cura
1617 1514 1714 1541 carnis
1729 1515 1915 1547 abscinditur,

265 1566 403 1590 nuuntut“.
417 1565 445 1588 et
456 1560 516 1588 ideo
530 1561 637 1595 propior
650 1564 691 1586 est
704 1563 794 1585 nostra
808 1557 890 1590 salus,
905 1566 982 1593 quam
999 1565 1057 1583 cum
1072 1553 1094 1584 C
1110 1561 1157 1587 sed
1167 1564 1197 1587 ut
1211 1560 1346 1588 discerent
1365 1560 1454 1587 animo
1469 1560 1608 1587 moderato
1625 1559 1660 1587 iis
1674 1560 1726 1591 uti,
1743 1561 1915 1595 praecipitur.

264 1609 433 1640 credidimus,
451 1611 479 1634 et
502 1604 622 1641 quotidie
640 1604 672 1632 ﬁt
688 1605 806 1639 propior,
819 1604 902 1638 .sieut
921 1609 948 1630 et
968 1603 1059 1630 Domi-

262 1663 326 1686 nus,
343 1661 404 1681 cum
419 1651 660 1680 consummationis
674 1650 764 1677 saeculi
782 1649 857 1684 signa
871 1649 1057 1684 distingueret,

265 1699 353 1728 dixit:
367 1698 433 1726 Cum
450 1702 536 1725 autem
558 1696 676 1723 videritis
697 1696 752 1722 Iure
775 1695 873 1727 omnia,
892 1694 1001 1722 ttllevate
1016 1696 1060 1721 crt-

266 1748 319 1782 pita
347 1750 442 1775 vestra,
472 1743 596 1778 quoniam
627 1742 762 1778 appropiat
800 1741 942 1775 redemptio
976 1745 1059 1766 vestra

268 1793 344 1828 (Luc.
362 1790 430 1826 xxr).
442 1790 487 1817 Fit
500 1793 590 1816 autem
604 1795 654 1823 per
667 1786 788 1822 singulos
798 1786 854 1813 diei
867 1786 947 1820 hujus
961 1786 1060 1812 adven-

267 1843 319 1870 tus,
336 1842 362 1864 et
373 1837 452 1864 nobis
466 1836 539 1863 enim
553 1835 574 1862 si
586 1834 710 1861 Christus
722 1832 749 1859 in
764 1832 846 1859 corde
861 1832 905 1864 sit,
920 1831 992 1858 diem
1008 1837 1059 1857 no-

268 1884 310 1910 bis
322 1882 390 1909 facit
400 1890 407 1914 ;
419 1880 442 1908 si
454 1879 621 1915 ignorantias
632 1882 740 1906 nostras
751 1877 871 1904 scientia!
887 1876 958 1903 ratio
973 1876 1058 1911 fuget,

268 1933 294 1956 et
310 1928 437 1963 indignos
456 1929 534 1954 actus
549 1925 715 1952 declinantes
730 1924 773 1959 pia
790 1931 904 1958 quicque
927 1927 954 1949 et
976 1923 1059 1950 hone-

267 1980 309 2004 sta
330 1978 477 2005 sectemur,
494 1973 521 1999 in
543 1972 602 1999 luce
621 1978 714 1998 sumus
731 1969 824 2004 positi,
840 1974 868 1995 et
880 1969 957 2003 quasi
973 1968 1000 1995 in
1017 1968 1061 1996 die

268 2026 380 2053 honeste
395 2022 573 2050 ambulamus.
589 2019 654 2053 Quae
670 2019 723 2046 sint
736 2021 825 2045 autem
841 2023 923 2051 opera
937 2017 1061 2044 tenebra-

268 2080 339 2105 rum,
357 2078 416 2106 qum
428 2067 578 2103 abjicieuda
589 2072 662 2097 sunt,
671 2067 871 2099 consequenter
881 2066 1023 2090 enumerat
1034 2067 1062 2090 et

269 2117 335 2145 dicit
348 2126 354 2143 ι
370 2115 430 2142 Non
441 2115 469 2141 in
481 2111 710 2140 comesstitionibtts
725 2115 749 2137 ct
760 2107 937 2136 ebrietatibus.
947 2108 1061 2144 (Aman)

270 2160 488 2190 Comessationes
505 2162 567 2185 sunt
582 2157 718 2184 luxuriosa
732 2154 867 2186 convivia,
876 2161 936 2188 quae
949 2154 1062 2187 autjcol-

267 2207 370 2234 latione
385 2204 506 2232 omnium
519 2203 700 2233 celebrantur,
717 2205 764 2227 aut
777 2199 882 2227 vicibus
899 2199 987 2227 solent
999 2206 1063 2226 eon-

268 2251 457 2281 'tubernalibus
470 2248 606 2280 exhiberi,
621 2252 650 2274 ut
665 2247 801 2274 neminem
820 2247 875 2274 illic
894 2247 994 2281 pudeat
1015 2245 1063 2273 ali-

272 2299 336 2334 quid
351 2297 492 2325 inhoncStc
508 2294 599 2322 dicere
611 2297 657 2320 aut
670 2292 769 2325 facere,
789 2292 851 2327 quia
877 2292 1063 2327 unusquisque

272 2343 412 2381 priesumit
426 2341 498 2376 quod
511 2347 589 2367 suum
606 2338 760 2365 convivium
782 2338 826 2370 sit,
842 2337 929 2365 solent
943 2337 1016 2364 enim
1036 2336 1064 2363 in

273 2390 359 2417 aliena
372 2389 465 2415 mensa
477 2385 580 2420 pudore
594 2383 726 2416 coerceri,
752 2383 799 2410 sed
817 2383 865 2410 hic
880 2384 913 2410 ad
927 2383 979 2410 hoc
997 2388 1064 2410 con-

273 2434 380 2462 venitur
390 2436 421 2459 ut
437 2432 507 2459 foeda
524 2430 577 2458 illic
590 2435 719 2466 gerantur
726 2429 805 2463 copia
817 2428 885 2460 viui,
900 2432 927 2455 et
939 2428 1066 2455 incitetur

273 2480 391 2508 libidinis
412 2479 518 2507 diversa
535 2477 677 2512 voluptas,
700 2476 802 2503 idcirco
825 2476 950 2503 evitanda
973 2475 1066 2510 praeci-

274 2524 618 2562 pithujusmodiconvivia.
633 2522 695 2549 Non
707 2523 733 2549 in
741 2521 868 2548 cubilibus
880 2527 904 2548 et
921 2521 1063 2556 impudici-

277 2574 328 2599 tiis.
346 2570 447 2608 (Δηὼ.)
463 2569 533 2597 'Post
552 2568 722 2595 luxuriosum
738 2566 891 2595 convivium
909 2571 936 2593 et
951 2565 1067 2593 ebrieta-

278 2622 332 2645 tem
352 2618 404 2645 hoc
422 2616 536 2651 subjecit
548 2615 620 2650 quod
636 2614 767 2648 sequitur,
783 2613 809 2640 id
833 2616 882 2645 est,
908 2612 1068 2653 concubitus

278 2662 448 2698 impudicus:
464 2663 508 2690 hic
528 2662 600 2690 enim
619 2660 699 2695 hujus
719 2659 878 2687 laseivitatis
893 2663 935 2686 est
954 2658 1068 2686 fructus.

279 2709 340 2738 Non
350 2710 378 2737 in
388 2710 549 2737 contentione
560 2713 583 2736 et
598 2707 775 2735 mmulatione.
791 2706 875 2733 Recte
887 2706 921 2733 ab
933 2706 976 2733 his
990 2713 1068 2733 coer-

279 2757 334 2784 ceri
349 2760 450 2789 monct,
463 2756 527 2789 quia
540 2754 628 2782 omnis
638 2754 777 2781 contentio
785 2757 813 2781 et
826 2752 898 2780 zelus
913 2752 1070 2780 inimicitias

278 2804 359 2840 parit,
375 2810 441 2838 quas
464 2802 589 2829 tenebras
606 2805 695 2833 vocat,
711 2801 774 2835 quia
792 2800 826 2827 ad
840 2799 907 2826 lueis
929 2799 1069 2833 praemium

279 2849 422 2882 pervenire
433 2855 486 2875 non
504 2850 626 2883 possunt.
643 2845 693 2874 Sed
707 2847 806 2875 induite
825 2847 966 2875 Dominum
980 2847 1070 2875 Jesum

1110 1605 1177 1631 Nam
1200 1605 1263 1639 quia
1277 1605 1408 1632 sollicitos
1433 1612 1483 1632 nos
1501 1612 1562 1632 esse
1589 1604 1699 1632 Veritas
1720 1606 1744 1631 in
1760 1606 1918 1632 crastinum

1108 1650 1251 1685 prohibet,
1280 1651 1383 1678 habere
1395 1655 1533 1686 utcunque
1558 1658 1651 1678 curam
1683 1652 1713 1678 in
1735 1652 1916 1686 praesentibus

1111 1704 1165 1723 non
1180 1701 1270 1732 negat,
1294 1704 1376 1731 quam
1399 1698 1471 1724 tendi
1495 1697 1528 1724 ad
1559 1703 1666 1732 tempus
1691 1698 1770 1732 quod
1798 1699 1914 1732 seruntur

1110 1746 1195 1770 vetat.
1204 1743 1237 1770 Et
1250 1743 1381 1770 nimirum
1392 1742 1505 1776 Paulus,
1519 1750 1580 1769 cum
1595 1750 1689 1770 curam
1705 1744 1807 1771 carnis
1820 1745 1877 1771 ﬁeri
1889 1744 1910 1770 in

1112 1789 1330 1824 concupiscentia
1350 1791 1406 1817 non
1428 1789 1502 1822 sinit,
1525 1789 1621 1824 procul
1647 1789 1733 1816 dublo
1748 1790 1779 1817 in

1113 1839 1167 1862 tate
1192 1835 1337 1862 eoneedit:
1359 1835 1522 1862 discretione
1539 1842 1604 1870 ergo
1629 1836 1722 1871 magni
1745 1837 1909 1865 moderami-

1113 1881 1154 1908 nis
1170 1881 1259 1908 carnis
1274 1888 1339 1908 cura
1357 1880 1487 1909 freuanda
1502 1885 1556 1913 est,
1572 1885 1602 1908 ut
1623 1881 1728 1909 serviat
1751 1886 1783 1908 et
1805 1883 1906 1909 minimc

1111 1927 1289 1962 priueipetur,
1312 1935 1346 1955 ne
1372 1928 1450 1962 quasi
1474 1928 1583 1955 domina
1609 1928 1733 1954 animum
1747 1928 1855 1960 vincat,
1869 1928 1907 1954 sai

1112 1974 1223 2001 subacta
1240 1974 1339 2001 mentis
1355 1974 1474 2001 dominio
1485 1975 1563 2009 quasi
1588 1974 1685 2001 ancilla
1707 1974 1874 2005 tumuletur,
1887 1978 1910 2000 ut

1110 2020 1186 2055 jussa
1203 2021 1285 2054 adsit,
1298 2013 1379 2056 a'tquc
1392 2022 1427 2049 ad
1442 2026 1537 2049 nutum
1555 2022 1645 2049 contis
1659 2022 1772 2057 repulsa
1791 2023 1909 2053 dissiliat.

1113 2070 1143 2092 ut
1170 2067 1214 2092 vix
1237 2074 1252 2092 a
1280 2070 1354 2101 tergo
1394 2071 1496 2095 sanetae
1519 2068 1689 2102 cogitationis
1719 2074 1866 2103 appareat,
1890 2072 1912 2094 et

1113 2119 1250 2145 nunquam
1265 2115 1358 2139 contra
1375 2111 1471 2139 faciem
1486 2118 1558 2140 recta
1579 2113 1726 2148 cogitantis
1754 2114 1883 2141 obsistat.

1403 2163 1518 2195 CAPUT
1550 2164 1619 2196 XIV.

1115 2211 1247 2240 Hortatur
1260 2214 1374 2250 majores
1391 2221 1422 2241 ne
1434 2209 1570 2250 inferiores
1587 2221 1758 2243 contemnant
1778 2223 1829 2245 aut
1842 2227 1913 2246 κιο-

1274 2249 1390 2276 dalizent
1401 2270 1408 2282 ,
1427 2250 1472 2276 sed
1484 2251 1594 2285 paciﬁce
1608 2252 1752 2285 ttdiﬁcem.

1152 2294 1292 2329 Infirmum
1314 2302 1400 2323 autem
1415 2296 1444 2323 in
1464 2296 1516 2330 ﬁde
1528 2298 1662 2330 asstmtite,
1676 2306 1728 2324 non
1745 2299 1772 2325 in
1786 2300 1913 2335 discepte-

1116 2340 1229 2367 tionibus
1250 2341 1448 2375 cogitationum.
1474 2341 1575 2377 (Amb.)
1600 2342 1735 2376 Quoniam
1759 2351 1794 2371 ex
1819 2339 1913 2372 Juda‘s

1117 2390 1194 2412 erant
1207 2386 1253 2420 qui
1268 2385 1404 2414 Romanos
1416 2387 1450 2414 ad
1464 2395 1563 2415 nomen
1580 2388 1682 2416 Christi
1697 2396 1911 2425 assumpsennt,

1119 2431 1237 2458 admixta
1256 2432 1322 2467 lege,
1348 2433 1418 2460 sicut
1442 2433 1470 2461 in
1483 2434 1631 2468 primordio
1656 2435 1787 2470 Epistolte
1816 2445 1912 2464 metuo-

1117 2477 1184 2509 ravi,
1199 2478 1259 2504 ideo
1274 2479 1434 2512 quihusdam
1458 2480 1599 2508 videbatur
1613 2482 1781 2516 prohibitam
1806 2490 1912 2511 carnem

1118 2524 1197 2551 edere
1216 2532 1269 2552 non
1292 2525 1401 2559 debere,
1423 2526 1557 2562 aliquibus
1580 2533 1680 2563 autem,
1705 2531 1752 2565 qui
1779 2531 1838 2558 sine
1860 2532 1914 2568 lege

1118 2570 1255 2597 Christh
1272 2572 1466 2606 sortiebantur,
1487 2573 1630 2601 videbatur
1656 2580 1752 2602 contra
1777 2575 1867 2611 legem
1885 2577 1913 2604 li-

1119 2623 1182 2643 mare
1195 2617 1286 2649 edere,
1309 2621 1338 2644 et
1356 2622 1408 2653 per
1430 2619 1481 2646 hoc
1500 2619 1586 2654 ipsum
1613 2620 1826 2655 disceptationes
1840 2627 1914 2650 erant

1123 2663 1193 2690 inter
1212 2671 1268 2696 eos,
1285 2671 1353 2699 quas
1373 2665 1518 2699 Apostolus
1538 2667 1690 2695 concordiae
1715 2672 1741 2694 et
1756 2668 1841 2696 saluti
1865 2673 1915 2697 stn-

1123 2711 1190 2738 dcns
1213 2711 1304 2738 divina
1326 2711 1509 2746 disputatione
1533 2713 1631 2747 aufert,
1657 2714 1806 2741 ostendens
1830 2723 1914 2750 neque

1122 2756 1212 2783 edenti
1226 2757 1354 2792 prodesse
1367 2758 1438 2792 apud
1462 2757 1556 2791 Deum,
1580 2767 1668 2794 neque
1688 2767 1740 2787 non
1757 2761 1851 2787 edenti
1872 2761 1914 2787 ob-

1124 2811 1191 2831 esse.
1207 2804 1345 2832 lniirmum
1359 2812 1418 2833 esse
1433 2805 1508 2838 dicit,
1525 2807 1570 2841 qui
1586 2812 1729 2842 propterea
1742 2807 1816 2841 quod
1831 2807 1912 2834 Judaei

1124 2850 1252 2885 prohibiti
1261 2855 1322 2878 sunt
1333 2850 1410 2880 timet
1422 2852 1516 2880 edere:
1532 2853 1605 2881 hunc
1617 2860 1681 2889 ergo
1691 2852 1749 2880 vult
1760 2853 1864 2892 remitti
1875 2853 1913 2889 ju-

1973 394 1975 503 ι
