2000 3199
236 149 310 181 1575

238 210 324 239 fectus
336 209 378 234 est
393 202 535 233 sensibus,
555 202 584 226 ut
600 196 687 233 possit
707 200 817 222 omnem
843 190 935 217 cibum
956 185 1033 214 verbi
1046 192 1074 222 Α

239 256 286 284 Dei
300 259 408 282 sumere
424 260 430 277 :
447 249 517 277 sicut
528 232 566 273 ret
589 232 647 280 ipse
664 239 808 276 Apostolus
821 238 847 265 in
862 235 922 262 aliis
943 232 1009 261 dicit
1024 240 1030 258 :

240 299 421 334 Pcrfectorttm
441 298 527 321 autem
549 296 586 319 est
603 288 676 316 cibus
692 285 808 316 solidus,
822 288 912 309 eorum
926 278 972 314 qui
986 285 1033 312 pro

767 330 772 334 .
802 329 807 334 .
853 332 856 334 _
1003 322 1033 334 Α,

239 322 410 381 possibilitate
434 338 555 368 sumendi
581 333 737 362 exercitatos
763 329 857 356 habent
887 332 978 353 sensus
999 322 1033 349 ad

629 378 661 381 "‘
683 378 687 381 λ
730 376 734 381 ·
761 375 790 381 ··“-
807 375 822 381 -Α
886 379 901 381 ν.
920 370 951 381 -.ι
969 368 1033 381 Διιηρ.

559 142 590 169 Β.
610 137 738 168 MBAN!
758 135 868 164 MAURI
885 130 1044 161 ARCIllEP.
1066 125 1220 156 MOGUNT.
1241 121 1385 153 OPERUM
1404 119 1493 149 PARS
1511 120 1554 148 lll.

1077 181 1217 219 .cmperlnt
1240 179 1367 207 inﬂantur
1382 181 1409 205 et
1424 175 1590 204 extolluntur
1602 174 1756 202 adversum
1772 179 1839 199 eos
1868 174 1926 207 qui

1840 114 1928 147 1518

1084 229 1211 256 videntur
1221 225 1311 253 minus
1318 230 1433 258 capaces
1447 229 1516 254 esse;
1532 221 1633 248 ideirco
1649 219 1739 254 igitur
1756 218 1926 252 interpre-

1086 273 1186 300 tatione
1221 269 1384 306 Apostoliete
1414 266 1583 294 auctoritatis
1615 264 1721 291 Paulus
1749 263 1926 297 utriusque

1086 319 1171 356 partis
1191 317 1363 346 insolentiam
1389 314 1539 350 reprimens
1552 311 1617 339 dicit
1631 320 1638 338 :
1654 310 1694 337 Tu
1706 310 1776 344 quis
1795 318 1834 336 es
1851 329 1859 341 ,
1873 310 1926 344 qui

256 356 409 373 οιδιυιιπηιιε
434 356 555 368 autum-up
581 356 734 362 unusnwwc

240 356 422 419 ignorationem
434 385 494 413 boni
508 388 532 411 et
544 381 608 410 ntali
624 376 750 415 (Πρὸ-ν).
761 375 794 403 Ει
806 375 905 401 iterum
919 370 953 398 ad
969 368 1036 396 alios
1083 365 1190 401 judicas
1205 363 1320 391 alienum
1334 360 1453 389 servant?
1473 367 1521 386 tuo
1538 358 1650 385 Domino
1673 361 1730 383 stat
1750 361 1807 382 au
1828 356 1923 381 cadit.

983 414 989 419 .
1089 411 1108 419 Α
1156 410 1162 419 ι
1184 409 1242 419 με.
1279 412 1326 419 .ι..ι
1341 411 1382 419 ρ...ι
1410 405 1476 419 -,.,Ι;ι
1523 403 1673 419 ι-ηιη-ηιιιιπι
1699 408 1832 419 nonan-ul
1859 401 1923 419 ρὶιιε

240 436 306 464 dicit
324 444 330 461 2
345 433 399 460 Lac
423 430 495 458 vobis
520 431 610 463 potum
636 424 706 455 dedi,
725 430 778 449 non
798 426 894 451 escam,
919 414 1036 442 nondum

241 482 310 509 enim
332 476 458 515 poteratis
474 473 508 511 (1
520 458 583 500 bar.
604 470 662 505 ιιι).
687 468 721 495 Et
740 464 863 500 nunquid
887 463 925 490 ita
953 458 1036 494 inepti

242 510 356 557 erimus,
372 527 401 550 ιιι
415 526 540 557 putemus
557 515 728 552 Apostolum,
743 512 789 547 qui
806 510 906 538 missus
915 511 957 535 est
969 513 1038 541 pra:-

243 572 335 599 dicare
348 568 460 596 verbum
474 565 533 597 Dei,
551 551 593 590 lac
607 564 731 596 portasse
758 562 850 584 secum
863 574 870 588 ,
893 552 965 588 quod
986 551 1038 577 Co—

245 616 353 645 rinthiis
367 617 460 649 potum
479 608 571 638 daret?
588 607 642 635 Sed
657 603 831 633 manifestum
843 604 893 632 est,
911 599 961 626 hoc
976 604 1039 624 eum

246 664 280 691 de
291 641 423 698 qualiiate
440 656 518 685 verbi
538 652 671 690 proloqui,
689 654 717 678 et
729 652 873 685 propterea
889 645 979 672 dicere
992 650 999 668 :
1015 641 1040 669 si

245 689 309 746 quis
322 705 456 744 infirmior
475 706 517 731 est
532 700 657 730 sensibus
668 718 675 731 ,
692 701 787 725 ct'non
803 698 845 721 est
860 693 897 720 ita
911 689 1041 727 perfectae

247 736 321 789 fidei,
341 758 372 782 ut
383 753 417 781 de
440 740 636 779 secretioribus
655 742 793 780 mysteriis
811 739 902 775 capiat
916 736 1039 767 verbum,

247 783 302 831 non
314 783 422 828 ’dcbere
445 797 471 825 ei
489 802 539 831 per
553 801 584 821 ea
599 800 660 828 quae
681 788 831 823 intelligere
851 792 906 812 non
930 783 1039 817 potest,

247 846 457 883 disceptationes
463 841 656 878 cogitationum
665 832 839 864 contrucveri.
850 840 859 856 ι
870 830 947 857 Alius
957 827 1039 858 enim,

880 876 887 883 ‘
938 874 959 883 τὶ
965 882 971 883 κ
979 882 983 883 ν
988 873 1003 883 Α]
1008 880 1022 883 μ.
1027 880 1038 883 ,-

1087 410 1165 444 Quod
1179 409 1326 442 dicit,slat
1337 411 1382 434 aut
1408 405 1497 438 cadit,
1523 403 1674 431 secundum
1699 408 1833 429 sensum
1859 401 1926 434 ejus

1088 464 1170 493 quem
1189 455 1313 489 increpat
1327 452 1403 480 dicit.
1418 450 1486 478 Nam
1503 455 1531 476 et
1550 448 1707 484 imperitior
1721 467 1732 480 ,
1761 447 1788 474 si
1819 446 1924 473 videat

1088 501 1242 537 quempiam
1256 497 1418 535 profundius
1430 496 1544 531 aliquid,
1558 500 1585 522 et
1597 499 1627 521 ut
1641 494 1701 528 ipse
1721 499 1842 527 capere
1864 499 1922 518 non

1088 545 1371 584 potest,-sentientem,
1380 542 1511 571 cecidisse
1517 548 1579 568 eum
1587 539 1695 575 iudicat
1706 546 1725 565 a
1738 538 1812 565 fidei
1828 542 1922 569 statu,

1089 598 1118 620 et
1140 599 1248 620 rursum
1272 590 1319 625 qui
1346 589 1475 616 inflantur
1502 594 1536 615 ex
1562 585 1697 616 scientia,
1716 588 1752 611 et
1771 590 1837 610 non
1857 590 1921 609 cum

1090 638 1235 669 charitate,
1262 636 1332 663 sicut
1345 634 1446 661 Paulus
1466 635 1619 660 commonet
1631 651 1638 664 ,
1653 633 1763 665 agunt,
1781 628 1922 657 similiter

1091 685 1125 712 de
1151 681 1368 718 imperitioribus
1383 679 1536 714 quibusque
1552 676 1716 711 opinantur,
1730 680 1766 702 et
1784 674 1858 701 ideo
1873 681 1920 709 po-

1092 735 1218 760 testatein
1229 728 1308 756 fratri
1317 725 1459 763 iudicandi
1469 724 1564 752 fratris
1574 722 1690 750 exemit.
1716 721 1806 748 Bene
1822 724 1921 747 autem

1092 777 1211 805 alienum
1229 781 1339 802 servutn
1357 773 1396 800 ait
1409 792 1417 805 ,
1432 771 1495 807 quia
1520 769 1650 797 Dominus
1667 767 1742 795 dicit
1758 777 1768 793 ;
1796 766 1857 793 Vos
1872 775 1918 792 au-

1093 829 1143 852 tem
1160 830 1249 850 omnes
1271 821 1367 855 fratres
1385 819 1447 846 estis
1469 816 1577 853 (Matth.
1591 814 1691 849 unt),
1713 819 1828 841 omnes
1841 834 1851 845 ,
1872 813 1923 839 hoc

247 858 321 877 (USCC
342 858 496 874 tauuucavu
515 858 656 869 ιιοιινιιυι--ι
666 858 769 864 ειν-η.--
794 858 814 860 η
834 858 837 859 ,

247 858 536 929 inquiticreditomma
543 885 723 915 manducare;
736 890 745 906 ι
759 887 813 907 ιιοιι
825 884 873 913 per
880 876 931 903 hoc
938 873 1039 901 Paulus
1053 876 1077 905 Β
1091 875 1143 903 est,
1158 869 1285 896 universa
1306 870 1431 894 creatura
1445 884 1453 897 ,
1478 868 1507 891 et
1527 869 1597 889 unus
1618 865 1662 888 est
1673 859 1762 887 solus
1781 858 1922 886 Dominus

751 928 757 929 κ
995 919 1039 929 κιγ,
1098 916 1171 929 1......η
1200 914 1322 929 tumtunc
1350 911 1395 929 nui
1413 914 1452 929 net
1485 908 1610 929 Dominus
1625 906 1753 929 omnium.
1770 925 1781 929 _
1805 905 1885 929 dire;
1898 904 1921 929 in

247 919 344 929 κγη,
357 919 363 920 ,

241 941 283 969 'ad
296 939 387 968 omnia
400 933 566 965 comedenda
584 929 730 965 discipulos
751 928 885 956 hortatur,
909 929 961 949 nec
975 919 1043 955 gula:

250 990 277 1014 et
290 983 404 1021 gurgitis
415 985 458 1009 est
468 979 597 1014 magister
609 984 616 1003 :
632 974 679 1002 sed
690 974 723 1000 de
737 971 789 999 illis
801 970 860 997 sine
873 967 955 996 dubio
967 966 1043 997 dicit,

251 1011 365 1069 qudruiin
392 1029 458 1056 ﬁdes
476 1025 596 1069 perfecta
612 1026 670 1054 est,
692 1025 719 1048 et
737 1017 829 1046 multis
851 1016 877 1043 in
892 1013 976 1042 verbo
996 1011 1046 1038 Dei

252 1057 460 1107 discretionibus
483 1063 645 1106 impeditur,
670 1073 738 1102 quos
763 1064 834 1091 idem
857 1059 1002 1096 Apostolus
1018 1057 1046 1084 in

253 1124 314 1152 aliis
328 1120 463 1157 spiritales
477 1116 611 1154 appellat,
626 1121 687 1142 cum
700 1111 766 1139 dicit
783 1119 789 1137 :
808 1106 942 1145 Spiritalis
959 1109 1047 1157 autem

251 1149 384 1199 ξῷᾘξηὲἱιαι
400 1166 488 1194 omnia
495 1149 529 1200 ’ἀ
543 1162 605 1190 Cor.
623 1159 664 1196 ιι).
678 1159 738 1194 Ipse
751 1160 793 1184 est
813 1161 877 1189 ergo
890 1153 923 1180 de
934 1157 988 1186 quo
1001 1149 1047 1199 hic

254 1214 320 1244 dicit
337 1222 343 1240 :
359 1212 433 1240 Alius
457 1215 544 1237 autem
568 1206 649 1234 credit
673 1202 834 1231 manducare
852 1198 951 1226 omnia.
968 1194 1049 1223 Deni-

252 1269 307 1299 que
316 1265 343 1289 et
350 1258 490 1295 apostolis,
505 1259 648 1289 antequam
661 1250 794 1286 Spiritum
808 1249 930 1274 sanetum
944 1242 1049 1276 accipe-

255 1289 327 1339 ;ent,
347 1289 487 1333 dicebatur
501 1309 516 1327 ξι
532 1298 646 1327 Domino
663 1305 669 1323 :
685 1294 772 1327 Multa
786 1292 871 1319 adhuc
884 1289 977 1321 habeo,
991 1294 1050 1322 qua:

256 1332 350 1389 loquar
362 1350 447 1382 vobis,
463 1347 507 1375 sed
522 1354 574 1373 non
587 1343 693 1380 potestis
701 1341 747 1368 illa
757 1339 834 1367 modo
849 1336 952 1368 audire,
968 1332 1051 1361 veniet

259 1379 347 1425 autem
359 1379 526 1425 Parabletus,
544 1389 659 1426 Spiritus
674 1386 800 1418 veritatis,
813 1388 839 1411 et
852 1383 905 1418 ipse
919 1389 962 1408 vos
976 1379 1053 1406 doce-

257 1444 292 1471 bit
319 1441 408 1469 omnia
432 1438 523 1475 (Joan.
540 1435 607 1471 xvi).
631 1434 686 1461 Ista
711 1438 776 1467 ergo
800 1433 863 1457 sunt
883 1426 973 1455 omnia
993 1430 1053 1459 qum

259 1487 346 1517 credit
370 1472 535 1513 manducare
548 1482 571 1508 is
595 1480 641 1516 qui
658 1486 707 1514 pro
733 1476 796 1504 ﬁdei
822 1472 988 1510 perfectione
1005 1477 1054 1505 per

259 1533 375 1568 gratiam
389 1529 507 1564 Spiritus
532 1525 619 1554 sancti
633 1531 717 1558 capax
735 1520 810 1548 verbi
825 1516 981 1547 secretioris
1004 1522 1053 1542 cx-

1094 916 1173 944 Jesus
1200 914 1334 946 Christus,
1350 911 1397 947 qui
1413 914 1455 937 est
1481 908 1610 936 Dominus
1625 906 1753 933 omnium
1770 925 1781 937 ,
1805 905 1885 931 dices
1898 904 1921 930 is

1096 959 1215 988 omnibus
1230 957 1321 994 (Rom.
1335 956 1381 991 x);
1395 954 1476 983 simul
1486 958 1515 982 et
1527 952 1680 981 bonitatem
1703 951 1757 978 Dei
1793 949 1921 977 ineffabi—

1096 1007 1148 1035 lem
1162 1005 1329 1037 manifestat,
1337 1011 1399 1031 cum
1406 1002 1473 1029 dicit
1487 1001 1520 1029 de
1531 1008 1564 1027 eo
1575 999 1621 1034 qui
1632 998 1783 1026 cecidisse
1794 997 1919 1028 videtur,

1098 1052 1207 1081 etiamsi
1218 1058 1282 1080 vere
1293 1049 1433 1081 ceciderit,
1454 1047 1518 1083 quia
1536 1051 1625 1079 potens
1640 1050 1678 1072 est
1695 1045 1782 1072 Deus
1803 1050 1918 1071 statuere

1098 1098 1191 1130 illum;
1205 1097 1336 1124 Dominus
1349 1095 1422 1122 enim
1436 1093 1512 1128 erigit
1524 1092 1602 1119 elisos
1615 1090 1708 1126 (Psal.
1732 1091 1849 1126 cxuv).

1136 1144 1208 1171 Nam
1220 1143 1288 1171 alius
1309 1141 1414 1177 judicat
1438 1140 1507 1166 diem
1528 1139 1597 1165 inter
1614 1138 1695 1171 diem,
1716 1137 1799 1164 alius
1815 1137 1916 1171 μύξαι

1101 1191 1202 1221 omnem
1226 1191 1305 1223 diem,
1323 1188 1502 1224 unusquisque
1529 1188 1556 1213 in
1588 1193 1639 1220 quo
1671 1193 1759 1211 sensu
1790 1184 1915 1211 abundet.

1101 1238 1194 1275 (Aug.)
1210 1237 1387 1271 Sequestrata
1400 1233 1457 1268 jam
1472 1232 1587 1260 meliore
1598 1230 1851 1263 consideratione,
1867 1238 1916 1258 non

1102 1286 1135 1314 de
1151 1284 1255 1312 duobus
1269 1280 1424 1310 hominibus
1447 1279 1514 1307 mihi
1529 1278 1638 1305 videtur
1657 1277 1774 1305 dictum
1784 1298 1794 1310 ,
1823 1277 1873 1304 sed
1888 1277 1918 1304 de

1103 1328 1213 1359 homine
1226 1332 1254 1355 ct
1270 1329 1341 1360 Deo;
1356 1326 1403 1362 qui
1412 1325 1485 1353 enim
1499 1324 1618 1351 alternos
1632 1323 1693 1351 dies
1705 1323 1828 1358 judicat
1842 1323 1918 1350 tumo

1102 1381 1145 1405 est
1154 1386 1159 1403 :
1168 1374 1335 1411 potestenim
1343 1372 1423 1400 hodie
1435 1371 1518 1403 aliud,
1527 1377 1589 1397 cras
1596 1369 1669 1397 aliud
1673 1369 1826 1404 judicare,
1836 1370 1862 1396 id
1868 1375 1916 1400 est,

1103 1427 1133 1450 ut
1139 1427 1328 1458 quemcunque
1338 1418 1419 1447 hodie
1427 1417 1527 1445 malum
1535 1416 1693 1444 convictum
1699 1415 1917 1449 confessumque

1105 1467 1284 1500 damnaverit,
1302 1473 1363 1494 cras
1379 1466 1480 1492 bonum
1495 1462 1616 1491 inveniat
1640 1469 1704 1489 cum
1726 1469 1762 1489 se
1775 1460 1916 1489 correxit:

1105 1515 1149 1543 vel
1162 1518 1257 1542 contra
1268 1519 1330 1540 cum
1345 1510 1463 1545 aliquem
1469 1506 1573 1543 justum
1582 1506 1664 1534 hodie
1678 1506 1853 1539 laudaverit,
1862 1512 1917 1534 ens

279 1551 375 1560 μων...
390 1551 506 1564 ηψπ-
666 1551 675 1558 _

259 1551 459 1608 :titerit,habet
470 1577 560 1599 tamen
572 1569 729 1596 ctintirmus
743 1565 814 1600 quod
825 1569 914 1592 sumat
926 1570 959 1589 ex
973 1560 1056 1588 verbo
1071 1563 1093 1595 ο
1109 1559 1230 1588 inveniat
1243 1559 1432 1593 depravatum;
1442 1555 1487 1589 qui
1500 1557 1590 1581 autem
1600 1551 1709 1587 judicat
1722 1560 1834 1579 onmem
1844 1552 1919 1579 ἀλεω

1010 1606 1015 1608 “
1106 1606 1121 1608 “
1286 1603 1291 1608 ’
1415 1600 1421 1608 ¹
1510 1599 1566 1608 ηἐλ
1584 1597 1742 1608 λνμε--..-τ,-.
1769 1597 1814 1608 ,Νι
1831 1598 1915 1608 A.:___

259 1624 318 1653 Dei.
336 1606 384 1650 Est
397 1619 501 1656 species
513 1617 637 1652 quaedam
651 1614 739 1646 verbi,
755 1619 836 1647 quam
851 1610 895 1637 hic
909 1606 1052 1644 Apostolus

260 1670 334 1697 olera
348 1665 507 1702 appellavit,
520 1670 580 1699 qua:
598 1659 733 1688 audientis
748 1663 857 1685 sensum
868 1662 921 1682 non
937 1657 991 1681 tam
1006 1659 1051 1679 ro-

262 1698 372 1742 bustum
381 1698 483 1738 reddat
495 1712 524 1736 et
537 1707 647 1739 fortem,
658 1712 739 1740 quam
751 1705 884 1730 sustentet
901 1705 928 1727 et
942 1698 1055 1727 interire

262 1766 316 1787 non
330 1756 421 1785 faciat.
443 1755 473 1783 In
486 1753 578 1782 multis
591 1751 692 1780 etenim
713 1750 746 1777 de
768 1746 942 1775 interioribus
959 1744 1056 1772 anima:

263 1805 387 1835 sensibus
400 1802 491 1830 divina
514 1799 655 1835 Scriptura
668 1795 746 1832 quasi
760 1795 792 1822 dc
806 1792 985 1821 exterioribus
999 1797 1058 1817 cor-

264 1851 338 1887 poris
352 1849 470 1884 loquitur
485 1844 616 1874 membris
630 1864 638 1877 ,
662 1847 690 1871 et
711 1842 782 1870 sient
802 1847 872 1875 saepe
896 1837 1056 1869 docuimus,

266 1896 424 1925 interiorem
444 1893 593 1924 hominem,
618 1889 663 1917 vel
691 1888 798 1921 videre,
828 1886 872 1914 vel
893 1884 997 1916 audire,
1016 1882 1059 1909 vel

267 1942 405 1971 ambulare
418 1938 564 1971 nominari,
580 1938 618 1964 ita
632 1940 660 1964 et
684 1941 756 1962 mtnc
776 1933 834 1968 ipse
850 1931 962 1959 interior
979 1930 1060 1956 homo

268 1993 314 2016 aut
335 1993 443 2015 omnem
461 1984 561 2013 dicitur
579 1982 668 2010 cibum
684 1987 764 2016 posse
786 1977 938 2014 percipere,
959 1975 982 2001 si
996 1981 1060 2009 per-

270 2035 357 2073 fectus
369 2037 421 2073 est,
437 2036 484 2059 aut
497 2031 521 2058 si
535 2029 659 2058 infirmus
670 2031 721 2060 est,
735 2026 810 2054 olera
823 2024 1004 2054 manducare;
1016 2020 1063 2048 sed

270 2085 299 2109 ut
314 2070 496 2115 perfectorurn
512 2076 539 2104 in
555 2075 677 2103 Ecclesia
707 2071 882 2101 coricordiam
916 2074 943 2096 et
961 2069 1063 2103 imper-

272 2127 417 2158 fectornm,
431 2129 562 2159 tanquam
582 2122 786 2150 inhonestorum
802 2120 830 2147 in
842 2125 955 2153 corpore
978 2124 1064 2144 inem-

271 2173 384 2200 brorutn
400 2172 631 2211 honestorumquc
646 2171 807 2202 componat,
824 2173 881 2206 nec
892 2165 1024 2192 habeatur
1038 2162 1066 2188 in

273 2218 312 2246 eis
327 2217 381 2245 ulla
393 2207 538 2247 dissensio,
552 2214 617 2242 dicit
634 2222 640 2240 :
661 2213 712 2246 Qui
725 2211 866 2240 mandueat
876 2201 932 2237 ἰιοιι
953 2208 1067 2235 mandu-

1105 1606 1177 1633 Deus
1187 1608 1237 1636 est,
1247 1603 1310 1638 quia
1322 1609 1375 1629 non
1384 1600 1471 1628 solum
1481 1599 1570 1634 qualis
1580 1597 1754 1634 quisque[sit,
1768 1597 1816 1624 sed
1828 1598 1919 1625 etiam

1107 1649 1196 1686 qualis
1209 1647 1284 1675 omni
1299 1647 1343 1675 die
1358 1646 1465 1673 futurus
1480 1645 1526 1677 sit,
1540 1644 1625 1671 novit.
1638 1643 1713 1678 Ergo
1724 1642 1917 1679 unusquisque}

1106 1696 1135 1723 in
1161 1703 1210 1722 suo
1236 1693 1368 1721 intellectu
1393 1688 1524 1723 abundet,
1545 1690 1654 1725 inquit,
1668 1689 1696 1717 id
1712 1693 1770 1722 est,
1787 1693 1916 1724 quantum

1107 1742 1227 1769 humano
1243 1738 1390 1766 intellectui
1414 1745 1467 1765 non
1494 1736 1596 1769 solum,
1623 1735 1666 1762 vel
1692 1735 1852 1770 unicuique
1871 1735 1913 1762 bo-

1109 1787 1175 1815 mini
1196 1792 1357 1813 concessum
1385 1787 1444 1816 est,
1463 1786 1569 1809 tantum
1588 1780 1686 1808 audeat
1710 1781 1853 1816 judicare.
1871 1782 1914 1815 Qui

1109 1833 1187 1868 sapit,
1205 1831 1304 1866 inquit,
1329 1830 1409 1862 diem,
1436 1828 1549 1855 Domino
1569 1827 1647 1863 sapit.
1661 1826 1690 1854 Id
1702 1830 1756 1859 est,
1775 1827 1844 1861 quia
1870 1827 1913 1854 huc

1112 1878 1201 1914 ipsum
1213 1877 1248 1904 ad
1260 1879 1424 1912 praesentem
1435 1874 1508 1901 diem
1521 1873 1591 1901 bene
1610 1872 1728 1907 iudicat,
1740 1872 1862 1899 Domino
1877 1880 1913 1899 u-

1114 1925 1152 1960 pit
1164 1933 1173 1957 ;
1189 1924 1242 1951 hoc
1252 1927 1295 1950 est
1306 1922 1380 1949 enim
1393 1921 1464 1948 bene
1480 1919 1604 1953 judicare
1618 1918 1652 1945 ad
1663 1918 1749 1951 diem,
1765 1923 1799 1945 ut
1813 1918 1915 1946 noveris

1114 1979 1168 1999 non
1183 1978 1243 1998 esse
1258 1970 1291 1997 de
1305 1967 1475 1996 correctione
1490 1966 1550 2002 ejus
1571 1965 1776 2001 desperandum
1797 1965 1825 1992 iu
1849 1966 1914 1993 futu-

1115 2024 1186 2049 rum,
1203 2017 1235 2044 de
1256 2015 1333 2050 cujus
1347 2013 1426 2049 culpa
1438 2010 1582 2039 manifesta
1600 2011 1627 2038 in
1642 2011 1793 2046 praesentia
1812 2011 1912 2045 judica-

1117 2063 1200 2090 vcris.
1223 2061 1312 2093 Alius,
1335 2059 1433 2094 inquit,
1447 2059 1572 2094 qu:edam
1590 2057 1727 2084 nonnullis
1754 2057 1913 2085 intermissis

1118 2108 1243 2142 intelligit
1256 2116 1261 2133 :
1282 2106 1349 2133 alius
1362 2113 1429 2133 vero
1445 2105 1480 2132 ad
1493 2103 1657 2132 intellectum
1668 2102 1764 2130 omnia
1778 2104 1913 2138 possibilia

1119 2155 1155 2182 ita
1183 2157 1213 2180 ut
1229 2155 1292 2180 sunt
1306 2150 1421 2179 videnda
1438 2150 1585 2185 cognoscit.
1606 2147 1705 2185 (0rig.)
1721 2148 1821 2177 Potest
1832 2154 1913 2176 tamen

1121 2198 1269 2227 secundum
1286 2197 1384 2224 litterae
1399 2195 1565 2231 Apostolicae
1590 2194 1819 2229 consequentiam
1838 2195 1914 2222 \ideri

275 2268 374 2292 mntem
389 2270 441 2290 non
455 2265 571 2297 spem“,
588 2264 612 2287 ει
624 2259 734 2295 quiquo"
748 2257 892 2285 manduca,
904 2254 1069 2282 ηιαηάυεαη-
1083 2255 1110 2286 D
1123 2246 1174 2274 hoc
1190 2245 1223 2272 de
1245 2243 1370 2272 ciborum
1396 2241 1563 2270 continentia
1578 2241 1620 2269 vel
1641 2240 1768 2268 libertate
1786 2241 1913 2268 tractari:

1197 2292 1202 2297 .
1302 2290 1325 2297 ..
1459 2289 1476 2297 ,.
1547 2296 1573 2297 η
1653 2287 1760 2297 “dum
1872 2287 1913 2297 μγ.

274 2316 324 2338 (em
338 2318 389 2337 non
397 2308 509 2344 judicet.
521 2307 579 2335 Hoc
588 2311 638 2339 est,
647 2305 720 2341 quod
730 2309 757 2332 et
770 2304 835 2331 alibi
844 2302 944 2330 dicitur
956 2310 964 2329 :
979 2311 987 2326 ι
1001 2300 1069 2334 Quia

277 2364 329 2383 non
344 2358 433 2390 potest
448 2353 543 2380 oculus
556 2352 647 2379 dicere
659 2350 762 2382 manui,
781 2349 839 2377 Non
848 2356 878 2375 es
892 2347 958 2375 mihi
974 2353 1071 2374 neces-

277 2402 348 2430 saria
361 2421 368 2434 ,
384 2404 413 2427 et
425 2402 508 2434 caput
520 2397 635 2433 pedibus
648 2417 655 2429 ,
671 2395 731 2423 Non
741 2394 870 2433 desidero
891 2399 1001 2427 operam
1024 2397 1071 2417 vc-

278 2452 382 2479 stram;
408 2445 455 2473 sed
480 2443 566 2471 multo
583 2443 690 2478 magis,
714 2449 774 2477 qum
797 2440 923 2468 videntur
950 2439 1072 2467 membra

279 2490 592 2528 corporisinbonestiora
602 2496 673 2520 esse,
681 2486 868 2515 necessariora
881 2491 954 2514 sunt.
966 2495 975 2512 ι
989 2485 1023 2513 Ει
1031 2485 1074 2513 his

281 2546 354 2574 ergo,
368 2544 483 2573 quorum
497 2535 564 2564 ﬁdes
581 2538 656 2562 tanta
673 2537 724 2567 est,
736 2538 766 2560 ut
777 2533 868 2560 omnia
881 2532 986 2567 possint
998 2538 1076 2558 mau-

282 2585 380 2612 ducare
386 2589 526 2611 etomnem
538 2582 615 2611 verbi
626 2581 745 2616 speciem
755 2586 865 2615 capere,
874 2586 910 2606 ne
919 2577 1078 2613 superbiant

283 2634 311 2657 et
324 2633 454 2664 spernant
472 2635 519 2656 eos
545 2627 591 2663 qui
606 2626 770 2655 infirmiores
802 2628 866 2653 sunt
889 2623 1023 2659 praecipit,
1050 2626 1078 2650 et

284 2683 392 2704 rursum
406 2675 448 2703 his
461 2675 508 2710 qui
529 2675 672 2710 incapaces
683 2676 746 2701 sunt
754 2671 925 2707 perfectioris
948 2669 1079 2697 doctrina:

286 2721 407 2753 mandat,
421 2728 455 2747 ne
470 2719 593 2754 judicent
619 2726 666 2746 eos
694 2725 809 2753 quorum
835 2723 931 2744 sensus
954 2715 1079 2751 capacior

287 2770 339 2799 est,
353 2770 380 2793 et
398 2765 550 2793 intellectus
565 2764 727 2793 eminentior
743 2773 749 2791 ε
766 2763 852 2791 solent
863 2762 938 2790 enim
951 2769 1079 2796 perverso

288 2812 383 2841 ordine
397 2810 515 2847 imperiti
527 2810 769 2846 peritosjudicarc,
778 2814 806 2836 at
816 2808 923 2836 desides
931 2807 1076 2836 studiosos.

288 2857 427 2888 Interdum
449 2861 539 2886 tamen
569 2861 596 2885 ct
615 2858 643 2886 hi
668 2858 713 2891 qui
742 2856 862 2885 scientia:
891 2856 981 2891 aliqua
999 2855 1077 2884 initia

1122 2292 1250 2328 quoniam
1264 2290 1372 2326 quidem
1389 2289 1506 2321 vocatio,
1518 2296 1578 2323 qua:
1601 2288 1629 2315 in
1653 2287 1763 2315 Christo
1782 2293 1838 2322 est,
1851 2287 1914 2315 nihil

1121 2346 1265 2367 commune
1284 2341 1331 2364 aut
1351 2335 1520 2363 immundum
1536 2334 1614 2369 ponit
1629 2334 1657 2361 in
1680 2333 1768 2365 cibis,
1784 2333 1835 2360 sed
1854 2341 1913 2361 con-

1124 2385 1245 2413 tincntite
1260 2383 1330 2410 ratio
1345 2382 1440 2410 suadet
1456 2382 1538 2408 etiam
1560 2389 1575 2408 a
1589 2380 1672 2408 licitis
1684 2380 1835 2413 abstinere,
1857 2380 1913 2407 Non

1124 2432 1204 2464 enim,
1224 2434 1254 2457 ut
1277 2434 1305 2457 et
1330 2429 1386 2464 ipse
1412 2428 1439 2455 in
1463 2427 1524 2455 aliis
1542 2426 1606 2454 dicit
1628 2425 1654 2461 (I
1670 2425 1731 2453 Cor.
1745 2427 1912 2461 vt,x),qaia

1126 2478 1214 2506 omnia
1225 2477 1313 2509 (item,
1322 2475 1421 2502 idcirco
1433 2474 1511 2501 etiam
1523 2473 1611 2500 omnia
1619 2472 1773 2506 expediunt,
1785 2472 1825 2499 uel
1833 2473 1912 2498 omnia

1127 2525 1259 2559 wdiﬁcant
1272 2532 1280 2556 ,-
1305 2523 1365 2558 ipsa
1378 2527 1469 2548 tamen
1484 2519 1655 2547 abstinentim
1671 2519 1741 2546 ratio
1758 2519 1861 2546 diversa
1874 2523 1914 2546 est

1127 2579 1177 2607 pro
1189 2574 1253 2598 voto
1276 2574 1303 2596 et
1321 2567 1459 2604 proposito
1481 2566 1612 2594 voveatis.
1644 2565 1722 2593 Alius
1737 2572 1852 2600 namque
1865 2566 1913 2594 hoc

1125 2618 1240 2654 iudicat,
1254 2622 1281 2644 et
1297 2616 1333 2644 ita
1349 2615 1420 2651 apud
1434 2614 1539 2642 animos
1553 2620 1617 2642 suos
1627 2612 1759 2646 decernit,
1773 2619 1913 2641 utomnan

1131 2666 1220 2698 diem,
1234 2665 1285 2692 hoc
1301 2668 1360 2695 est,
1381 2662 1538 2690 continuum
1552 2661 1616 2688 vita:
1633 2668 1690 2688 sua:
1704 2665 1810 2696 tempus
1830 2662 1914 2698 exigat

1131 2712 1159 2740 in
1174 2711 1337 2739 abstinentia
1350 2717 1357 2741 ;
1375 2708 1442 2736 alius
1456 2715 1521 2735 vero
1539 2711 1645 2742 tempus
1660 2706 1769 2741 aliquod
1782 2707 1853 2738 velut
1871 2715 1913 2735 το‹

1133 2759 1187 2786 tiva
1210 2757 1376 2792 professione
1390 2754 1527 2786 decernit,
1553 2754 1580 2780 in
1604 2760 1659 2787 quo
1676 2753 1736 2780 sive
1756 2758 1786 2780 ut
1804 2753 1892 2788 jngcm
1904 2775 1911 2787 ,

1132 2805 1189 2831 sive
1196 2808 1225 2830 ut
1242 2801 1417 2836 temporalem
1430 2800 1560 2834 suscipiat
1570 2799 1774 2828 continentiam.
1789 2800 1912 2827 Uniuseu—

1128 2853 1226 2889 jusque
1247 2850 1369 2880 sensibus
1391 2848 1570 2877 dataliberam
1582 2847 1756 2886 facultatem.
1772 2846 1912 2883 Utrumque
