4000 6398
493 234 631 290 1579

1091 228 1153 284 Β.
1190 227 1449 284 RABANI
1484 227 1706 285 MAURI
1740 224 2057 283 ARCHIEP.
2098 224 2403 283 MOGUNT.
2445 225 2731 284 OPERUM
2772 227 2949 285 PARS
2979 229 3066 285 III.

3624 236 3799 294 ιεεο

486 354 543 407 et
566 358 797 417 nequam
822 354 878 399 et
905 340 1108 412 refugis
1128 380 1144 406 ,
1172 347 1230 395 et
1253 340 1341 396 his
1383 355 1521 411 quos
1562 339 1841 409 Scriptura
1878 335 2059 394 divina
2087 337 2137 397 Α
2163 349 2285 390 men
2305 336 2551 392 elationis
2572 337 2870 402 incurrere,
2895 348 2954 393 ut
2974 339 3209 394 tribunal
3239 340 3338 397 Dei
3362 341 3476 398 sibi
3499 343 3802 402 videatur

491 436 754 507 malignos
790 433 1013 501 angelos
1055 430 1345 503 appellavit
1373 448 1387 485 :
1418 431 1620 486 idcirco
1639 429 1784 484 enim
1808 435 1863 484 et
1887 427 2063 484 omni-

490 538 683 600 tenens
706 524 795 580 vel
818 523 1158 592 omnipotens
1184 520 1404 587 dicitur,
1424 519 1717 576 secundum
1736 516 1881 588 quod
1900 516 2063 595 Joane

491 632 590 675 nes
609 615 854 691 designat
872 614 928 669 in
950 611 1290 683 Apocalypsi,
1303 609 1488 666 dicens
1513 626 1527 663 :
1551 607 1681 663 Hac
1696 608 1838 671 dicit,
1853 607 1944 677 qui
1964 614 2060 671 est,

490 718 537 763 et
555 708 794 779 quierat,
809 715 857 760 et
876 705 965 776 qui
986 713 1228 758 venturus
1245 710 1344 768 est,
1357 701 1679 771 omnipotens
1694 700 1878 773 (Apoc.
1892 698 1954 772 ι);
1972 698 2062 755 hic

493 814 624 870 ergo
645 812 783 852 unus
805 805 891 852 est
910 795 1122 859 modus,
1137 807 1245 862 quo
1273 791 1520 848 Christus
1545 790 1792 847 omnibus
1820 790 2064 847 domina-

494 899 605 943 tur.
641 887 797 942 Alius
824 899 951 940 vero
978 892 1081 947 est,
1112 897 1221 952 quo
1247 889 1505 951 tanquam
1532 881 1707 937 bonus
1731 888 1786 936 et
1806 880 1931 935 boni
1956 880 2063 936 Pa-

494 978 598 1034 tris
625 977 797 1033 Filius
816 990 923 1030 non
953 973 1066 1027 vult
1091 971 1438 1027 rationabiles
1464 971 1689 1042 spiritus
1716 972 1783 1026 ad
1807 969 2061 1025 obedien-

493 1072 628 1126 tiam
658 1068 791 1138 legis
816 1081 926 1121 suzn
952 1064 1214 1119 violenter
1236 1060 1542 1128 inﬂectere;
1575 1062 1670 1118 sed
1695 1069 1970 1132 exspectat
2004 1067 2065 1115 ut

492 1166 688 1230 sponte
726 1150 976 1221 veniant,
1006 1161 1066 1208 ut
1097 1152 1376 1208 voluntate
1399 1160 1457 1207 et
1478 1166 1583 1206 non
1612 1150 1934 1207 nwessitate
1962 1151 2063 1206 bo-

494 1265 623 1304 num
648 1253 914 1318 quaerant,
954 1253 1011 1300 et
1050 1242 1292 1300 docendo
1320 1242 1492 1313 magis
1518 1256 1678 1312 quam
1729 1239 2063 1311 imperando,

492 1338 771 1395 inritando
790 1336 969 1408 potius
1003 1350 1165 1406 quam
1186 1333 1554 1404 extorquendo
1581 1332 1922 1404 persuadeat.
1936 1330 2065 1386 Inde

491 1432 722 1501 denique
746 1438 850 1496 est,
888 1428 1033 1501 quod
1070 1442 1241 1499 usque
1278 1427 1347 1483 ad
1373 1433 1603 1481 mortem
1631 1424 1881 1494 dignatur
1908 1437 2063 1479 acce-

491 1522 641 1587 dere,
679 1529 741 1576 ut
766 1519 1068 1592 exemplum
1093 1516 1411 1573 obedientiaa
1447 1524 1504 1571 et
1544 1514 1806 1570 moriendi
1835 1514 2066 1569 formam

489 1610 798 1667 volentibus
824 1616 1049 1680 peccato
1093 1614 1150 1663 et
1180 1607 1329 1663 vitiis
1373 1604 1545 1662 emori
1595 1604 1962 1674 derelinquat;
2010 1611 2067 1658 et

486 1709 709 1774 propter
737 1702 842 1756 hoc
878 1700 932 1756 in
974 1698 1231 1771 praesenti
1257 1699 1378 1753 loco
1402 1694 1692 1767 Apostolus
1738 1694 1929 1750 scribit
1983 1694 2065 1749 id-
2091 1689 2140 1749 B
2166 1710 2254 1749 ma
2313 1695 2485 1765 ignis,
2530 1704 2659 1749 rota:
2716 1694 2831 1764 ejus
2894 1696 3028 1766 ignis
3084 1697 3448 1765 inﬂammans.

482 1792 640 1851 circo
659 1808 783 1851 eum
808 1801 1084 1847 mortuum
1137 1802 1278 1855 esse,
1304 1795 1358 1843 et
1382 1787 1607 1852 vixisse,
1636 1794 1691 1840 ut
1741 1785 1974 1839 virorum
2015 1794 2065 1839 et

479 1893 816 1939 mortuorum
869 1881 1202 1947 dominetur,
1249 1878 1516 1942 vivorum,
1560 1874 1802 1945 profecto
1850 1874 2065 1930 illorum

484 1974 589 2046 qui
653 1969 1068 2028 resurrectibnis
1116 1966 1233 2037 ejus
1281 1963 1525 2035 exemplo
1572 1979 1767 2020 novam
1837 1972 1894 2019 et
1948 1978 2066 2019 cm-

486 2062 679 2119 lestem
704 2061 760 2116 in
787 2060 946 2116 terris
985 2060 1208 2132 exigunt
1244 2057 1411 2113 vitam
1446 2074 1460 2111 :
1489 2064 1823 2111 mortuorum
1852 2055 2064 2110 illorum

489 2156 608 2211 sine
655 2153 841 2219 dubio,
886 2151 981 2224 qui
1030 2149 1502 2207 mortificationem
1528 2146 1730 2203 Christi
1758 2147 1811 2201 in
1843 2161 2066 2215 corpore

491 2262 592 2304 suo
612 2243 1021 2308 circumferunt,
1066 2250 1123 2298 et
1164 2242 1494 2298 mortificant
1520 2239 1763 2296 membra
1801 2254 1921 2305 sua,
1946 2252 2065 2309 qua:

490 2348 621 2397 sunt
645 2351 806 2410 super
830 2346 1034 2393 terram
1060 2332 1284 2408 (Coloss.
1317 2332 1420 2407 ιιι).

568 2430 647 2484 Tu
675 2440 849 2484 autem
868 2427 994 2497 quid
1020 2425 1234 2498 judicas
1255 2424 1472 2495 fratrem
1492 2423 1686 2477 tuum?
1714 2432 1805 2477 aut
1827 2431 1881 2475 tu
1904 2437 2064 2493 quare

489 2521 692 2593 spernis
734 2520 951 2590 fratrem
994 2527 1141 2572 tuum
1164 2556 1180 2583 ,
1225 2531 1347 2571 cum
1378 2514 1493 2570 sive
1529 2513 1874 2593 mortificatio
1905 2511 1974 2567 sit
2008 2511 2062 2565 in

494 2584 550 2666 te
577 2584 759 2664 carnis
802 2608 1080 2673 vitiorum,
1123 2620 1232 2660 non
1278 2620 1344 2660 es
1365 2611 1418 2659 te
1438 2611 1556 2659 orta
1587 2602 1658 2657 sit
1683 2642 1699 2668 ,
1727 2601 1821 2656 scd
1846 2584 2063 2655 'Christi

478 2709 667 2759 morte
704 2702 902 2757 donata
934 2716 947 2753 :
982 2697 1096 2754 sive
1122 2697 1216 2752 tibi
1241 2684 1452 2752 novitas
1477 2696 1600 2751 vita:
1623 2702 1722 2756 est,
1750 2701 1804 2748 et
1823 2694 1877 2747 in
1900 2690 2063 2747 terris

476 2789 771 2846 ambulans
812 2787 1276 2845 conversationem
1327 2786 1495 2841 habes
1540 2784 1594 2839 in
1632 2782 1820 2848 caelis,
1858 2779 2060 2837 Christi

476 2881 595 2936 hoc
636 2878 1033 2936 resurrectione
1077 2876 1379 2933 merueris?
1406 2875 1550 2929 Bene
1576 2882 1759 2929 autem
1783 2871 2062 2941 utriusque

472 2964 608 3026 -vitii
647 2978 830 3026 notam
857 2967 1146 3025 vernacula
1181 2965 1536 3037 appellatione
1576 2964 1827 3035 signavit,
1863 2961 1938 3016 illi
1979 2960 2060 3016 di-

2163 439 2458 492 assumere,
2490 434 2546 481 et
2588 425 2859 496 Unigeniti
2899 427 3159 498 judicium
3188 432 3520 499 praevenire.
3557 433 3795 490 Verum

2162 515 2291 584 quid
2317 516 2418 571 sibi
2447 515 2577 571 velit
2605 516 2707 572 hoc
2744 518 2920 588 ipsum
2947 559 2963 584 ,
2992 520 3135 588 quod
3174 520 3482 591 Apostolus
3512 524 3794 580 tribunal

2162 602 2259 658 Dei
2273 612 2556 671 memorat,
2569 613 2624 661 et
2638 594 2905 676 quomodo
2922 607 3321 680 intelligendum
3344 612 3422 667 sit
3442 612 3791 671 videamus.

2162 692 2276 751 Non
2303 695 2475 751 solum
2504 698 2647 753 enim
2682 698 2735 753 in
2765 699 2867 755 hoc
2892 699 3028 765 loco,
3065 703 3158 758 sed
3185 711 3241 757 et
3267 704 3597 761 Corinthiis
3631 709 3790 763 scri-

2161 785 2319 853 bens,
2350 788 2635 845 tribunalis
2676 787 2805 845 facit
2832 791 3182 848 nihilominus
3228 796 3588 851 mentionem
3620 832 3643 863 ,
3691 799 3792 853 ubi

2163 878 2238 931 ait
2269 895 2282 930 :
2309 875 2532 949 Propter
2557 879 2694 949 quod
2722 880 2991 936 studemus
3028 882 3133 937 sire
3170 896 3492 953 prementes,
3522 887 3650 940 sine
3693 888 3795 941 ab—

2162 975 2328 1019 sentes
2346 965 2548 1036 placere
2574 967 2621 1022 ei
2643 984 2662 1022 :
2685 986 2862 1024 omnes
2883 972 3019 1025 enim
3038 973 3372 1041 manifestari
3396 985 3630 1044 oportet
3662 988 3792 1031 ante

2162 1055 2391 1111 tribunal
2415 1056 2609 1112 Christi
2634 1099 2650 1125 ,
2681 1069 2738 1114 ut
2764 1061 2977 1131 recipiat
3004 1064 3361 1135 unusquisque
3391 1065 3457 1118 iu
3495 1083 3746 1135 corpore
3773 1109 3790 1132 ,

2162 1158 2317 1220 prout
2343 1151 2517 1220 gessit,
2546 1151 2653 1206 sive
2683 1151 2816 1206 bona
2840 1153 2948 1207 sive
2976 1152 3115 1207 mala
3147 1153 3231 1225 (ΙΙ
3273 1154 3403 1209 Cor.
3435 1156 3528 1228 γ).
3560 1157 3695 1213 Sed
3738 1171 3793 1215 et

2162 1239 2302 1308 apud
2336 1230 2608 1295 Danielem
2633 1243 2950 1313 prophetam
2988 1244 3288 1301 invenimus
3324 1246 3463 1301 talia
3512 1251 3788 1317 quaedam

2162 1327 2230 1385 de
2251 1330 2527 1401 judicandi
2554 1334 2735 1402 specie
2766 1333 3035 1405 descripta
3072 1355 3084 1390 :
3128 1334 3401 1404 Videbam,
3438 1339 3656 1410 inquit
3680 1382 3701 1407 ,
3740 1353 3783 1396 α

2163 1437 2278 1475 ecce
2302 1423 2446 1476 sedes
2484 1423 2667 1494 posin
2703 1432 2873 1489 erant,
2914 1434 2962 1479 et
2981 1436 3211 1480 vetustus
3244 1426 3458 1480 dierum
3504 1430 3791 1497 sedebat,

2163 1520 2211 1565 et
2252 1505 2615 1567 indumentum
2656 1513 2790 1583 ejus,
2828 1515 2962 1569 sicut
2988 1515 3097 1581 nix,
3133 1516 3445 1585 candidum,
3499 1529 3557 1572 es
3591 1520 3795 1589 capilli

2166 1603 2351 1672 capitis
2390 1602 2505 1674 ejus
2537 1605 2672 1657 sicut
2726 1603 2853 1658 lana
2889 1605 3105 1659 munda.
3153 1604 3396 1660 Thronus
3432 1594 3571 1677 ejus
3612 1610 3793 1677 μωκ-

3544 1697 3791 1755 Flavius

2165 1784 2301 1855 ignis
2322 1787 2559 1841 currebat
2582 1798 2699 1843 ante
2719 1789 2909 1859 ipsum.
2934 1790 2993 1843 Μ
2995 1789 3109 1844 illia
3129 1790 3355 1845 millium
3375 1792 3789 1849 ministrabant

2166 1877 2308 1942 ei,oet
2344 1878 2513 1932 decies
2537 1878 2726 1933 millies
2752 1879 2885 1933 dena
2912 1879 3079 1935 millia
3101 1880 3415 1935 assistebant
3437 1894 3581 1938 ante
3604 1902 3737 1938 eum
3766 1899 3788 1937 :

2158 1965 2420 2036 judicium
2460 1969 2728 2022 constituit
2762 1979 2810 2023 et
2841 1968 2962 2023 libri
2990 1970 3156 2039 aperti
3179 1980 3299 2024 sunt
3330 1969 3512 2042 (Dan.
3556 1973 3690 2043 vn).
3724 1973 3786 2028 In

2166 2056 2449 2113 duodecim
2477 2074 2689 2129 quoque
2714 2060 3116 2135 _pr0phetarum
3146 2059 3284 2115 libro
3333 2061 3444 2115 sub
3500 2063 3781 2133 mysterio

2167 2145 2366 2201 dicitur
2399 2147 2525 2218 quia
2555 2148 2608 2202 in
2659 2147 2795 2203 valle
2823 2147 3084 2219 Josaphat
3110 2147 3372 2204 Dominus
3415 2147 3648 2218 iudicet
3670 2167 3776 2222 po-

2164 2235 2349 2307 pulum
2379 2252 2534 2292 suum
2566 2256 2580 2292 :
2609 2238 2780 2308 ipsam
2810 2248 2991 2294 autem
3017 2238 3212 2293 vallem
3244 2236 3526 2310 Josaphat
3567 2240 3779 2296 Paulus

2163 2338 2450 2400 propterea
2497 2329 2689 2385 vallem
2719 2329 2909 2399 judicii
2941 2330 3201 2385 nominat.
3236 2329 3344 2387 Sed
3380 2332 3454 2387 de
3488 2333 3594 2388 his
3632 2349 3775 2389 nunc

2165 2418 2409 2492 singulis,
2443 2435 2562 2492 qua:
2593 2418 2961 2474 similitudinis
2987 2433 3152 2475 causa
3185 2418 3526 2490 protulimus
3547 2461 3568 2487 ,
3600 2422 3774 2478 disse-

2165 2525 2286 2565 rere
2332 2509 2547 2581 longum
2576 2510 2804 2564 videtur.
2844 2508 2920 2564 Ea
2952 2517 3134 2564 tamen
3177 2524 3297 2579 qua:
3331 2510 3406 2565 ad
3437 2510 3771 2568 Corinthios

2165 2600 2446 2670 scripsisse
2470 2599 2789 2670 Apostolum
2811 2599 3065 2666 diximus,
3087 2598 3438 2655 conferentes
3462 2616 3607 2657 cum
3631 2620 3770 2674 pra-

2163 2691 2300 2746 δὲηιί
2318 2691 2435 2746 loco
2446 2690 2530 2746 vel
2548 2692 2775 2756 caneris,
2799 2704 2919 2760 quze
2935 2692 3074 2761 apud
3087 2692 3386 2762 prophetas
3410 2694 3641 2765 scripta
3656 2710 3767 2752 nte-

2163 2780 2509 2843 moravimus,
2530 2778 2794 2835 declarari
2817 2778 3063 2836 videmus
3083 2796 3150 2836 ex
3168 2782 3426 2837 omnibus
3447 2786 3768 2841 certissime

2161 2868 2399 2924 futurum
2434 2884 2555 2925 esse
2577 2867 2838 2938 judicium
2869 2870 2965 2926 Dei
2993 2887 3007 2925 :
3046 2870 3200 2942 cujus
3236 2873 3458 2943 species
3492 2884 3558 2930 ut
3582 2877 3766 2932 notior

2161 2957 2471 3014 hominibus
2499 2957 2671 3025 fieret,
2704 2955 2985 3026 iudicandi
3031 2957 3207 3015 forma
3247 2973 3317 3017 ex
3343 2961 3434 3017 his
3462 2978 3594 3033 quae
3620 2964 3766 3021 inte

480 3073 655 3115 cens:
691 3059 869 3126 Quare
898 3057 1129 3127 spernis,
1154 3026 1391 3112 et-huic:
1413 3055 1589 3122 Quare
1602 3026 1820 3125 judicas
1836 3050 2057 3107 fratrem
2084 3026 2130 3090 (ἶ
2161 3051 2406 3106 homines
2429 3060 2689 3121 geruntur
2720 3058 2990 3120 assumpta
3018 3058 3122 3118 est,
3150 3065 3259 3122 quo
3299 3026 3520 3109 scilicet
3558 3069 3762 3111 nosce-

478 3150 675 3207 tuum?
722 3148 908 3204 Solent
941 3149 1082 3204 enim
1136 3147 1195 3201 hi
1238 3146 1331 3215 qui
1371 3144 1761 3214 aliquantulum
1809 3142 2059 3198 videntur

474 3244 539 3297 in
590 3240 819 3298 scientia
871 3237 1198 3310 profecisse,
1237 3248 1494 3306 spernere
1547 3240 1603 3288 et
1659 3230 1811 3286 nihili
1860 3230 2059 3286 ducere

473 3348 582 3390 eos
623 3331 716 3402 qui
770 3329 981 3385 altioris
1026 3326 1389 3398 intelligentiae
1423 3325 1600 3379 minus
1636 3337 1863 3392 capaces
1888 3329 2057 3378 sunt:

493 3441 527 3481 e
560 3424 836 3482 contrario
861 3428 1041 3477 autem
1084 3418 1320 3489 imperiti
1372 3427 1428 3473 et
1490 3415 1750 3472 indociles
1792 3414 2057 3484 judicare,

490 3517 595 3572 hoc
635 3522 720 3571 est
758 3513 1017 3568 incusare
1042 3518 1098 3564 et
1128 3508 1491 3564 condemnare
1515 3520 1611 3561 eos
1656 3505 1749 3576 qui
1786 3505 1976 3559 altiora
2005 3512 2062 3559 et

490 3602 1192 3678 profundiorapcrquirunt,
1210 3615 1370 3669 quam
1395 3613 1586 3668 capere
1606 3606 1699 3653 aut
1723 3598 1935 3667 assequi
1959 3596 2059 3666 ipsi

488 3703 732 3769 possunt.
766 3695 834 3750 Et
872 3694 994 3749 ideo
1022 3690 1312 3761 Apostolus
1356 3704 1605 3745 resecare
1633 3688 1845 3759 culpam
1876 3686 2061 3742 volens

485 3804 554 3841 ex
586 3795 818 3854 utraque
846 3790 1000 3853 parte
1031 3788 1364 3843 nascentem,
1396 3779 1501 3833 illis
1527 3779 1742 3848 quidem
1792 3778 2057 3848 praecipit,

483 3892 551 3931 ne
594 3873 881 3929 inferiores
916 3879 1175 3942 spernant
1223 3878 1386 3940 atque
1432 3869 1757 3940 despiciant;
1801 3868 1885 3923 his
1930 3882 2061 3923 vero
2104 3890 2107 3893 ν

484 3982 556 4021 ne
584 3965 891 4036 superiores
919 3978 978 4019 se
999 3962 1261 4033 judicent,
1277 3976 1398 4016 cum
1415 3960 1673 4029 peritiam
1694 3975 1802 4015 non
1826 3959 2061 4014 habeant

502 4055 778 4110 udicandi.
809 4053 1064 4121 Quamvis
1103 4067 1232 4121 ergo
1268 4059 1555 4119 utrumque
1584 4049 1962 4120 reprehendat,
2006 4056 2063 4103 et

476 4161 607 4202 eum
632 4146 725 4217 qui
758 4145 967 4216 spernit
990 4142 1213 4198 fratrem
1230 4140 1561 4207 inferiorem,
1585 4150 1636 4196 et
1657 4156 1778 4196 eum
1806 4140 1894 4209 qui
1913 4139 2061 4211 judi-

485 4246 575 4294 cat
592 4237 946 4307 superiorem,
968 4242 1145 4288 tamen
1170 4242 1231 4287 ut
1252 4231 1565 4288 ostenderet
1588 4231 1733 4286 illum
1757 4232 1977 4302 gravius
2003 4230 2059 4285 in

476 4323 793 4393 judicando,
815 4338 977 4392 quam
997 4324 1141 4377 hunc
1166 4323 1221 4376 in
1242 4322 1543 4390 spernendo
1564 4320 1785 4375 fratrem
1804 4334 2053 4390 peccare,

478 4415 684 4469 omissa
709 4411 999 4484 spretionis
1022 4409 1203 4480 culpa,
1250 4409 1721 4480 praesumptionem
1758 4407 2057 4477 judicantis

474 4504 672 4557 fratris
699 4508 991 4573 exaggerat
1017 4507 1073 4556 et
1107 4498 1334 4570 judicat,
1364 4507 1418 4554 et
1448 4497 1567 4554 ideo
1591 4498 1646 4553 in
1674 4499 2053 4569 consequenti-

477 4596 586 4647 :bus
603 4591 783 4663 jungit
807 4610 820 4646 :

553 4682 746 4738 Ontnes
772 4683 911 4737 enim
949 4683 1204 4737 stabimus
1233 4693 1355 4737 ante
1385 4682 1616 4737 tribunal
1644 4681 1760 4736 Dei.
1789 4681 2055 4752 Scriptum

468 4783 556 4830 est
579 4773 715 4828 enim
737 4786 755 4825 :
786 4770 911 4827 Vivo
938 4789 1050 4843 ego,
1075 4773 1201 4827 dicit
1228 4771 1509 4839 Dominus,
1533 4774 1781 4842 quoniam
1810 4773 1937 4826 mihi
1963 4774 2055 4841 ﬂe-

479 4873 651 4919 ctetur
670 4878 822 4917 omne
850 4878 984 4932 genu
1024 4870 1071 4916 et
1122 4864 1290 4917 omnis
1333 4862 1513 4932 lingua
1554 4862 1886 4930 conﬁtebitur
1920 4862 2053 4917 Deo.

481 4952 670 5025 Itaque
693 4953 1045 5026 unusquisque
1074 4964 1308 5008 nostrum
1344 4970 1438 5023 pro
1479 4970 1535 5008 se
1579 4954 1832 5008 rationem
1879 4955 2057 5009 reddet

481 5044 634 5111 Deo;
665 5062 769 5100 non
793 5061 914 5116 ergo
961 5043 1186 5115 amplius
1223 5045 1441 5099 invicem
1483 5044 1802 5114 judicemus,
1826 5044 1916 5099 sed
1958 5045 2055 5099 hoc

462 5133 713 5202 judicate
766 5134 932 5206 magis
985 5150 1047 5191 ne
1095 5134 1301 5206 ponatis
1343 5133 1717 5204 o/fcndiculum
1772 5134 1933 5204 fratri
1976 5133 2056 5189 vel

472 5224 812 5283 scandalum.
840 5225 1039 5299 (Orig.)
1083 5224 1381 5282 Assumeus
1409 5241 1603 5283 causas
1627 5242 1693 5282 ex
1724 5227 1830 5293 his,
1854 5226 1909 5281 iu
1934 5227 2053 5297 qui-

477 5318 581 5373 bus
609 5330 716 5370 non
739 5324 884 5372 recte
909 5317 1156 5388 iudicant
1180 5315 1237 5371 hi
1277 5316 1367 5386 qui
1387 5315 1632 5388 judicant
1655 5315 1873 5381 fratres,
1916 5318 2051 5374 recti

476 5415 534 5461 et
576 5403 712 5477 justi
748 5404 1037 5462 introducit
1080 5405 1249 5462 divini
1284 5404 1475 5476 judicii
1526 5405 1795 5471 formam,
1840 5416 1895 5461 et
1941 5407 2046 5472 ait,

477 5501 672 5555 Omnes
704 5498 841 5553 enim
868 5514 961 5552 nos
986 5508 1128 5554 stare
1161 5508 1358 5569 Oportet
1390 5507 1510 5553 ante
1534 5497 1765 5553 tribunal
1797 5497 1917 5563 Dei,
1942 5513 2048 5567 quo

474 5593 684 5649 scilicet
708 5592 924 5649 noverit
958 5592 1003 5646 is
1029 5592 1119 5663 qui
1134 5592 1340 5663 judicat
1363 5591 1603 5658 fratrem,
1624 5599 1835 5649 tantum
1862 5607 1919 5649 sc
1939 5591 2047 5647 cri-

2162 3157 2367 3208 remus,
2384 3142 2510 3212 quia
2528 3142 2669 3197 sicut
2685 3141 2849 3212 judex
2870 3143 2971 3197 iste
2992 3151 3240 3199 terrenus
3254 3141 3542 3201 celsiorem
3556 3162 3750 3215 quem-

2161 3234 2284 3289 dam
2313 3232 2513 3298 locum,
2544 3233 2688 3302 quod
2718 3232 2949 3288 tribunal
2972 3231 3300 3303 appellatur,
3323 3235 3745 3299 ascendigutex

2160 3339 2225 3380 eo
2252 3322 2410 3379 altior
2436 3331 2490 3379 et
2511 3324 2834 3379 eminentior
2853 3325 3063 3378 caeteris
3077 3324 3167 3393 qui
3184 3324 3471 3395 judicandi
3488 3332 3616 3381 sunt
3634 3325 3755 3392 ﬁat,

2160 3431 2229 3472 ne
2267 3424 2614 3487 conspectum
2637 3413 2754 3484 ejus
2794 3414 2996 3470 lateant
3017 3414 3099 3471 vel
3122 3430 3339 3470 reorum
3361 3416 3755 3486 supplicia,vel

2161 3506 2509 3579 allegationes
2531 3505 2898 3561 innocentium
2922 3523 2935 3559 :
2961 3505 3414 3577 itaintelligamus
3432 3516 3493 3561 et
3507 3508 3757 3578 judicent

2160 3600 2399 3656 omnium
2420 3598 2694 3655 Christum
2715 3608 2769 3653 et
2784 3606 2977 3653 natura
3000 3606 3055 3653 et
3074 3597 3360 3667 majestate
3380 3601 3605 3656 cunctis
3623 3602 3759 3656 emi-

2162 3700 2395 3746 mentem
2438 3690 2794 3759 introspicere
2821 3688 2983 3745 corda
3011 3696 3065 3744 et
3111 3690 3477 3745 conscientias
3508 3692 3756 3761 singulo-

2164 3797 2304 3845 rum,
2335 3780 2684 3836 manifestare
2707 3779 2921 3835 occulta
2954 3788 3009 3834 et
3047 3777 3264 3835 obtecta
3295 3780 3569 3846 revelare,
3608 3791 3674 3836 ut
3701 3791 3756 3837 et

2161 3870 2317 3926 bonis
2340 3871 2550 3926 actibus
2576 3870 2791 3927 laudem
2818 3871 3038 3936 tribuat,
3078 3879 3135 3926 et
3170 3872 3301 3926 mali
3333 3887 3561 3942 pennam
3587 3889 3751 3943 quam

2162 3968 2438 4014 merentur
2462 3960 2754 4030 excipiant.
2809 3960 2963 4028 Quod
3016 3960 3063 4015 si
3098 3969 3280 4016 manet
3315 3961 3568 4017 futurum
3603 3965 3752 4035 judi-

2161 4051 2301 4105 cium
2340 4051 2466 4117 Dei,
2501 4062 2556 4105 et
2585 4052 2692 4106 tale
2715 4052 2981 4123 judicium
3035 4052 3090 4106 in
3114 4067 3221 4122 quo
3242 4068 3349 4108 non
3374 4053 3559 4110 solum
3588 4071 3753 4111 unus—

2161 4146 2388 4216 quisque
2427 4146 2651 4216 recipiet
2687 4161 2786 4216 pro
2825 4145 3034 4201 actibus
3079 4147 3225 4213 suis,
3257 4146 3353 4201 sed
3381 4155 3439 4201 et
3465 4161 3574 4218 pro
3602 4151 3748 4204 omni

2160 4235 2353 4290 vitioso
2401 4236 2570 4290 verbo
2620 4235 2862 4290 redditur
2906 4236 3044 4290 ratio
3083 4236 3376 4291 secundum
3412 4239 3749 4293 sententiam

2160 4326 2371 4381 Domini
2402 4344 2414 4380 :
2444 4325 2801 4396 cogitationes
2842 4340 3057 4397 quoque
3088 4326 3243 4382 mala:
3292 4324 3746 4392 confutabuntur,

2156 4419 2511 4487 redarguente
2530 4418 2881 4482 conscientia,
2928 4425 2983 4473 et
3009 4419 3062 4472 in
3090 4418 3339 4473 omnibus
3368 4420 3747 4489 unusquisque

2155 4520 2402 4566 nostrum
2428 4525 2528 4580 per
2555 4525 2613 4565 se
2638 4510 2899 4564 rationem
2925 4508 3114 4565 reddet
3138 4510 3269 4564 Deo.
3312 4508 3436 4563 Non
3478 4526 3628 4579 ergo,
3663 4511 3746 4564 in-

2164 4602 2295 4672 quit,
2319 4601 2549 4671 amplius
2576 4602 2790 4655 invicem
2809 4599 3131 4670 judicemus,
3160 4609 3216 4654 et
3243 4599 3470 4670 reliqua.
3503 4599 3747 4655 Nudabi-

2159 4702 2247 4749 tur
2279 4695 2423 4749 euim
2448 4693 2733 4758 universa,
2767 4700 2829 4746 ut
2856 4706 2958 4763 ego
2985 4692 3242 4757 arbitror,
3274 4698 3539 4746 creatur-.1:
3573 4692 3743 4745 ratio-

2158 4785 2430 4840 nabilicor
2442 4793 2705 4850 nostrum,
2733 4783 3182 4840 etrelevabuntur
3205 4784 3434 4849 occulta,
3465 4784 3554 4838 vel
3574 4786 3742 4840 etiam

2157 4874 2687 4939 manifestabuntur;
2740 4881 2824 4929 est
2868 4874 3013 4928 enim
3064 4873 3389 4930 din‘erentia.
3476 4872 3743 4931 Videntur

2156 4965 2302 5021 enim
2331 4980 2397 5020 ea
2420 4965 2635 5035 quidem
2685 4979 2805 5034 quae
2832 4962 3139 5018 revelantur
3156 4963 3227 5019 ad
3248 4963 3421 5019 malos
3439 4964 3735 5033 pertinere,

2156 5055 2224 5109 de
2241 5053 2436 5125 quibus
2456 5052 2684 5109 dicitur:
2708 5052 2776 5106 In
2797 5053 2915 5123 igne
2933 5053 3070 5107 enim
3094 5051 3406 5108 revelabitur
3427 5051 3479 5123 (ι
3496 5052 3617 5106 Cor.
3631 5052 3734 5122 ut);

2155 5157 2219 5199 ea
2241 5157 2453 5212 quoque
2482 5157 2603 5212 quae
2630 5140 3061 5205 manifestantur,
3078 5141 3147 5197 ad
3167 5141 3357 5208 bonos,
3388 5151 3445 5196 et
3470 5142 3594 5198 ideo
3612 5141 3741 5196 dici-

2159 5243 2275 5289 tur:
2302 5231 2469 5287 Omne
2494 5232 2630 5286 enim
2653 5231 2791 5302 quod
2813 5231 3180 5301 manifestatur
3198 5230 3293 5285 tua;
3311 5241 3388 5286 est
3417 5230 3635 5302 (Ephes.
3652 5231 3737 5302 v);

2155 5333 2209 5395 et
2245 5333 2501 5393 tanquam
2542 5323 2667 5379 libri
2698 5323 2915 5393 quidam
2945 5314 3221 5392 descripti,
3262 5321 3349 5378 vel
3377 5322 3576 5378 tabula:
3603 5322 3741 5378 inci-

2153 5430 2229 5470 sae
2286 5416 2628 5471 continentes
2682 5415 2891 5469 litteras
2963 5421 3181 5469 actuum
3241 5413 3739 5483 cogitationumque

2152 5514 2457 5562 nostrarum
2485 5507 2554 5562 ab
2573 5505 2743 5569 omni,
2782 5513 2843 5559 ut
2866 5503 3120 5569 diximus,
3147 5513 3398 5560 creatura
3425 5504 3737 5559 rationabili

2150 5597 2483 5667 relegantur;
2532 5604 2587 5652 et
2634 5596 2736 5651 hoc
2778 5603 2862 5651 est
2899 5594 3042 5666 quod
3091 5593 3329 5650 arbitror
3372 5593 3599 5649 indicari
3637 5606 3741 5663 per
