4000 6398
420 299 565 359 1585

1052 288 1114 343 Β.
1155 284 1404 343 uanam
1441 281 1663 341 usum
1697 274 2017 338 ARCHIEP.
2060 269 2369 331 uocum.
2412 264 2697 329 OPERUM
2734 253 2914 323 PARS
2948 260 3035 321 tu.

3551 255 3723 314 ιεει

416 424 576 466 mune
595 420 690 477 per
713 403 906 476 ipsum,
946 399 1046 455 nisi
1084 399 1131 453 ei
1159 397 1250 468 qui
1281 396 1543 452 existimat
1574 391 1699 465 quid
1726 404 1997 445 commune
2022 388 2075 450 Α
2098 382 2321 440 munda.
2367 380 2637 437 Praemisit
2683 378 2832 434 enim
2879 389 3101 432 causam
3125 413 3141 441 ,
3189 385 3290 429 cur
3333 382 3441 443 per
3488 379 3723 426 senet-

416 515 548 575 esse,
583 495 664 551 illi
707 506 978 548 commune
1008 497 1102 543 est.
1142 486 1335 560 (Orig.)
1384 485 1629 541 Diximus
1668 489 1723 537 et
1768 481 1824 535 in
1853 478 1991 542 aliis,

320 598 325 601 ‘
416 567 561 665 quod
592 590 649 643 in
675 583 974 655 Scripturis
1010 580 1214 636 sanctis
1236 576 1525 633 vernacula
1553 572 1785 645 quadam
1820 567 1998 641 appel-

413 682 618 738 latione
637 675 782 749 quod
810 681 1059 731 sanctum
1078 669 1165 725 vel
1189 667 1446 722 mundum
1470 680 1575 719 non
1595 672 1698 727 est,
1712 673 1998 717 commune

412 771 728 835 nominetur
744 778 898 836 :qua‘.
912 773 1093 818 tamen
1115 757 1397 830 appellatio
1419 757 1472 811 in
1492 768 1631 810 novo
1650 752 1998 808 Testamento

410 860 758 932 frequentius
808 853 1108 916 invenitur,
1149 849 1202 905 in
1233 845 1404 903 veteri
1443 859 1575 900 vero
1600 857 1709 897 non
1740 838 1999 896 recordor

410 926 590 1007 sicubi
618 945 896 1004 nominata
925 948 1029 1006 εει,
1060 946 1120 993 ιιι
1141 937 1194 992 in
1219 933 1508 1005 Evangelia
1537 931 1788 987 Salvator
1824 926 1955 982 dicit
1979 965 1996 992 ,

414 1040 543 1109 quia
584 1036 663 1091 De
694 1033 850 1090 corde
879 1027 1163 1102 procedunt
1194 1025 1528 1097 cogitationes
1560 1019 1739 1084 malae,
1760 1014 2000 1071 homici—

415 1106 528 1193 dia,
568 1125 962 1199 fornicationes,
1002 1116 1287 1182 adulteria,
1318 1115 1485 1186 furta,
1510 1111 1649 1183 falsa
1679 1106 1996 1172 testimonia,

417 1229 465 1273 et
499 1196 603 1273 ista
648 1223 768 1272 sunt
813 1227 932 1285 qua:
961 1208 1345 1266 communicant
1386 1204 1667 1260 hominem.
1713 1197 1838 1255 Non
1880 1196 1999 1251 lotis

419 1320 591 1367 autem
624 1304 865 1363 manibus
896 1299 1217 1357 manducare
1240 1312 1345 1351 non
1369 1294 1714 1350 communicat
1739 1288 1999 1344 hominem

425 1401 622 1475 (Marc.
638 1397 759 1469 vii).
783 1393 1041 1464 Quamvis
1065 1391 1119 1447 in
1144 1388 1418 1447 nonnullis
1431 1383 1829 1456 exemplaribus
1852 1378 2000 1435 Lati-

522 1506 621 1561 pro
658 1485 1033 1549 communicat,
1089 1482 1391 1552 coinquinat
1437 1476 1732 1548 posuerint,
1773 1480 1830 1528 et
1874 1470 2002 1525 licet

417 1579 605 1636 eadem
649 1577 828 1632 virtus
869 1576 959 1640 sit,
1000 1572 1305 1645 proprietas
1340 1577 1521 1625 tamen
1552 1563 1819 1622 sermonis
1859 1576 2000 1615 com-

406 1673 648 1730 municat
676 1671 859 1728 habet.
885 1666 993 1724 Sed
1010 1674 1066 1722 et
1095 1665 1150 1721 in
1172 1663 1397 1720 Actibus
1434 1658 1798 1763 apostolorum
1820 1651 2001 1708 Domi-
2028 1702 2077 1763 Β

416 1780 517 1821 nus
553 1763 686 1819 dicit
715 1760 783 1817 ad
807 1759 1029 1815 Petrum
1058 1773 1071 1811 :
1108 1754 1262 1821 Quod
1290 1752 1431 1806 Deus
1459 1746 1725 1803 mundavit
1764 1753 1821 1797 tu
1860 1756 2000 1799 com-

416 1872 572 1914 mune
597 1870 660 1909 ne
691 1850 887 1906 dixeris
919 1843 1161 1921 (Acta).
1210 1842 1349 1897 Puto
1386 1853 1513 1909 ergo
1556 1834 1680 1892 inde
1709 1847 1865 1889 usum
1888 1843 2003 1886 ser-

417 1946 595 2002 monis
626 1942 790 2013 hujus
815 1946 1171 2008 assumptum,
1198 1940 1259 1988 ut
1289 1930 1440 2003 quia,
1464 1926 1613 1983 verbi
1648 1923 1845 1996 gratia,
1870 1935 2003 1991 vasa

416 2034 604 2105 templi
638 2010 940 2088 ministerio
963 2013 1260 2099 segregata,
1290 2036 1423 2077 vasa
1450 2020 1568 2074 sine
1593 2016 1753 2072 dubio
1792 2010 2004 2069 Domini

420 2103 844 2199 appellabantur,
864 2120 933 2176 ad
972 2120 1167 2175 horum
1211 2123 1392 2171 autem
1434 2108 1837 2169 distinctionem
1874 2103 2002 2159 reli-

414 2196 522 2289 qua
552 2228 682 2270 vasa
711 2208 1018 2268 communia
1063 2206 1401 2269 dicebantur,
1443 2201 1515 2256 ita
1560 2207 1614 2254 et
1651 2199 1717 2252 ad
1760 2196 2005 2251 ciborum

418 2305 846 2370 distinctionem,
876 2313 1063 2357 eorum
1095 2311 1232 2367 quos
1259 2292 1414 2364 quasi
1457 2288 1685 2346 mundos
1720 2294 1777 2342 et
1813 2298 2006 2340 secun-

420 2398 551 2455 dum
584 2395 757 2467 legem
811 2390 1047 2448 edendos
1093 2385 1373 2456 Scriptura
1432 2377 1756 2452 segregavit,
1811 2371 2006 2443 reliqui

417 2503 608 2548 omnes
632 2466 947 2544 communes
976 2477 1229 2551 appellati
1258 2480 1403 2529 sunt.
1436 2468 1731 2526 SedJudaai
1752 2466 1862 2521 vim
1885 2478 2008 2519 ver-

422 2579 482 2637 bi
505 2578 842 2648 ignorantes,
859 2570 1001 2626 unde
1020 2564 1325 2624 communis
1341 2562 1613 2617 diceretur
1639 2557 1821 2621 homo,
1844 2566 2007 2623 quem

418 2643 767 2731 communem
800 2659 1158 2732 appellabant,
1188 2651 1456 2711 sermonis
1492 2662 1651 2704 usum
1681 2646 1799 2702 sine
1836 2643 2007 2713 signi-

421 2755 694 2816 ﬁcationis
745 2748 1100 2821 intelligentia
1145 2751 1455 2801 tenuerunt.
1498 2737 1682 2808 Neque
1721 2735 1865 2791 enim
1901 2732 2008 2790 cibi

2097 475 2274 546 ipsum
2305 472 2438 528 nihil
2458 486 2742 526 commune
2755 471 3005 525 dicatur:
3037 465 3180 531 Scio,
3207 463 3408 535 inquit,
3441 470 3495 517 et
3522 462 3717 531 conﬁ-

2095 565 2164 619 do
2188 564 2244 618 in
2275 562 2496 616 Domino
2526 561 2674 616 Iesu.
2708 559 2779 613 .ln
2809 557 3036 612 Domino
3061 571 3190 626 ergo
3214 554 3344 609 Jesu
3372 552 3523 608 nihil
3548 566 3719 607 com—

2097 669 2260 710 mune
2287 669 2385 722 pcr
2409 651 2780 720 semetipsum,
2810 648 2914 704 hoc
2940 654 3041 713 est,
3072 654 3266 701 natura
3305 644 3396 700 sui
3440 643 3661 699 dicitur
3684 657 3717 699 :

2098 743 2202 801 Sed
2257 742 2357 808 illi,
2404 742 2601 811 inquit,
2638 741 2728 811 qui
2776 740 3036 794 existimat
3077 746 3126 792 et
3155 736 3249 807 qui
3282 743 3445 805 putat
3493 733 3719 804 aliquid

2098 848 2391 897 commune,
2408 832 2508 902 ipsi
2530 846 2800 884 commune
2829 837 2925 883 est.
2947 826 3016 882 Et
3034 842 3101 881 ne
3126 825 3365 889 mireris,
3388 824 3530 894 quia
3554 824 3719 893 cogi-

2098 925 2232 980 talio
2248 923 2443 978 mentis
2462 921 2664 985 cibum,
2680 919 2772 990 qui
2792 927 2984 973 natura
2997 914 3397 973 snicommunis
3414 913 3510 970 vel
3523 914 3710 984 pollu-

2102 1023 2189 1073 tus
2211 1029 2315 1071 non
2351 1020 2457 1078 est,
2493 1008 2960 1080 faciatpollutum,
2995 1022 3118 1063 eum
3139 1021 3171 1061 e
3198 1004 3493 1062 contrario
3520 1004 3721 1060 cibum

2099 1119 2226 1159 vere
2246 1102 2507 1174 pollutum
2530 1101 2677 1172 (vere
2697 1100 2842 1154 enim
2862 1097 3093 1167 pollutus
3112 1104 3217 1160 est,
3238 1096 3338 1167 qui
3376 1094 3558 1150 idolis
3604 1096 3717 1149 imr-

2099 1186 2379 1264 molatur,)
2422 1191 2738 1263 simplicitas
2789 1189 3029 1253 mentis,
3069 1194 3124 1242 et
3150 1185 3297 1240 nulla
3339 1185 3723 1256 cogitationis

2102 1284 2488 1354 scrupulositas
2505 1280 2720 1350 injecta,
2735 1278 2880 1335 omni
2895 1277 3200 1347 suspicione
3209 1274 3720 1331 contaminationis

2102 1373 2362 1430 absolvat.
2377 1372 2446 1427 Et
2466 1385 2702 1436 rursum,
2718 1369 2883 1425 etiam
2902 1383 2948 1423 ει
2969 1366 3201 1422 mundus
3218 1366 3291 1421 sit
3310 1365 3510 1429 cibus,
3528 1364 3723 1434 suspi-

2103 1465 2315 1520 cionem
2339 1472 2518 1519 tamen
2542 1460 2734 1531 aliquis
2754 1459 3007 1530 patiatur,
3032 1457 3186 1528 quasi
3225 1455 3376 1527 quod
3411 1454 3595 1510 idolis
3615 1453 3724 1508 im-

2102 1555 2334 1611 molatus
2358 1553 2452 1618 sit,
2470 1551 2636 1622 pollui
2655 1551 2854 1606 dicitur
2863 1565 2960 1622 per
2980 1546 3327 1605 conscientiae
3354 1546 3717 1617 scrupulum.

2167 1645 2387 1703 .Sienim
2415 1653 2624 1716 propter
2648 1659 2819 1698 escam
2842 1643 3010 1715 frater
3034 1651 3155 1696 tuus
3180 1640 3572 1703 contristatur,
3592 1639 3723 1708 jam

2105 1752 2209 1792 non
2236 1734 2519 1790 secundum
2538 1734 2853 1788 charitatem
2874 1731 3132 1786 ambulas.
3160 1729 3362 1802 (0rig.)
3394 1727 3547 1784 Cum
3583 1728 3723 1783 difi-

2105 1829 2271 1884 nisset
2296 1826 2593 1897 apostolico
2622 1825 2871 1896 dogmate
2899 1838 2998 1894 per
3033 1821 3320 1878 Dominum
3341 1820 3552 1877 Jesum
3578 1818 3725 1874 nihil

2105 1937 2392 1982 commune
2438 1932 2533 1977 aut
2577 1920 2912 1975 immundum
2935 1926 3133 1973 natura
3177 1915 3257 1971 sui
3287 1914 3638 1985 putandum,
3660 1923 3727 1966 et

2108 2016 2345 2072 dedisset
2380 2029 2508 2086 erga
2536 2028 2669 2068 usus
2691 2012 2934 2067 ciborum
2961 2009 3206 2064 fidelibus
3248 2007 3578 2076 quibusque
3626 2004 3723 2058 ab-

2107 2106 2492 2167 solutissimam
2543 2104 2873 2168 libertatem,
2922 2116 3115 2156 rursus
3165 2097 3234 2154 ad
3281 2097 3713 2152 aediﬁcationum

2110 2197 2336 2257 fraterni
2358 2196 2560 2251 amoris
2584 2194 2859 2251 licentiam
2888 2201 3100 2248 resecat
3127 2189 3422 2255 libertatis,
3451 2197 3516 2243 et
3538 2188 3717 2244 dicit:

2108 2289 2337 2344 Etiamsi
2360 2301 2645 2345 commune
2673 2285 2806 2341 nihil
2831 2294 2934 2349 est,
2950 2292 3008 2341 et
3032 2300 3163 2339 usus
3183 2284 3434 2339 omnium
3457 2282 3725 2337 ciborum

2107 2380 2338 2455 licenter
2384 2376 2706 2443 admittitur,
2764 2384 2822 2430 tu
2872 2381 3071 2439 tamen,
3129 2373 3175 2429 si
3218 2381 3449 2443 propter
3488 2372 3725 2436 cibum,

2109 2486 2272 2542 quem
2316 2471 2466 2525 licito
2512 2478 2671 2539 putas
2719 2469 3063 2533 sumendum,
3104 2466 3330 2521 fratrem
3366 2475 3566 2531 tuum,
3625 2466 3721 2536 qui

2111 2562 2348 2618 nondum
2361 2559 2710 2617 conscientiae
2720 2559 2878 2629 hujus
2904 2572 3072 2629 capax
3085 2565 3188 2621 est,
3206 2556 3592 2623 scandalizas,
3606 2556 3723 2627 jam

2111 2667 2219 2708 non
2249 2651 2543 2708 secundum
2566 2649 2890 2705 charitatem
2937 2647 3204 2713 ambulas,
3233 2662 3338 2703 nec
3360 2646 3640 2703 allectum
3668 2648 3721 2701 in

2113 2751 2177 2805 te,
2194 2741 2423 2798 fraterni
2449 2740 2650 2796 amoris
2676 2740 2937 2796 ostendis.
2967 2738 3107 2806 Quid
3138 2738 3282 2795 enim
3308 2737 3559 2802 tales-is,
3587 2740 3639 2793 si
3664 2747 3727 2792 ut

420 2862 558 2919 quos
599 2846 740 2900 Deus
777 2817 1001 2903 creavit,
1045 2845 1138 2893 aut
1184 2836 1497 2906 ignorantcr
1556 2837 1650 2884 aut
1697 2823 2011 2897 simpliciter

2120 2832 2341 2889 fratrem
2387 2841 2536 2887 tuum
2578 2845 2687 2887 non
2731 2832 3045 2897 contristes,
3093 2830 3254 2885 etiam
3276 2844 3306 2883 a
3333 2817 3509 2884 licitis
3540 2831 3725 2885 absti-

426 2936 628 3008 sumpti
694 2945 1037 2991 communem
1097 2927 1371 2983 hominem
1425 2921 1605 2977 facere
1660 2923 1913 2990 poterant
1956 2923 2014 3008 (fl
2118 2922 2423 2981 ueas't'l‘ibi
2446 2923 2589 2978 enim
2613 2922 2937 2979 abstinerea
2962 2922 3124 2978 licitis
3139 2923 3345 2979 crimen
3368 2924 3591 2980 nullum
3612 2932 3723 2989 est,

423 3006 934 3105 iummndumzsed
968 3036 1123 3078 mens
1168 3019 1259 3074 illa
1296 3016 1555 3110 hominis,
1598 3011 1868 3110 quaeADeo
1912 3006 2012 3063 soli
2040 3048 2087 3110 Ο
2119 3016 2196 3071 iui
2223 3029 2373 3081 vero,
2414 3015 2469 3070 in
2500 3015 2699 3085 quibus
2743 3014 3002 3069 discernit
3050 3022 3108 3069 et
3141 3022 3297 3084 putat
3344 3030 3456 3070 non
3510 3015 3722 3082 licere,

425 3101 710 3189 segregata
751 3101 855 3180 est,
895 3113 1093 3168 merito
1132 3110 1334 3166 munda
1371 3106 1690 3178 appellatur.
1723 3101 1853 3169 Quae
1879 3114 2010 3154 vero

427 3188 603 3263 aliena
640 3221 674 3260 a
716 3203 828 3259 Deo
867 3208 974 3267 est,
1004 3198 1264 3270 quoniam
1307 3211 1416 3252 non
1453 3196 1521 3250 ab
1546 3208 1653 3246 uno
1678 3190 1870 3260 spiritu
1906 3188 2010 3241 iiu-

429 3299 663 3365 mundo,
674 3296 769 3354 sed
795 3293 1102 3367 aplurimis
1125 3291 1453 3364 possidetur,
1478 3285 1680 3342 idcirco
1707 3281 1831 3337 talis
1852 3281 2015 3335 homo

427 3389 732 3449 communis
762 3387 1082 3459 appellatur,
1138 3384 1292 3457 quasi
1320 3383 1412 3454 qui
1461 3379 1753 3436 multorum
1787 3375 1879 3442 sit,
1932 3371 2018 3429 vel

429 3481 711 3547 vitiorum,
753 3477 838 3534 vel
880 3479 1182 3534 daemonum
1230 3489 1440 3539 servus,
1494 3470 1793 3527 secundum
1830 3466 2015 3535 illum,

430 3573 524 3645 qui
567 3573 952 3644 interrogatus,
1000 3566 1163 3634 Quod
1210 3566 1305 3621 tibi
1342 3578 1539 3620 nomen
1588 3560 1705 3617 est?
1742 3556 2020 3627 respondit

433 3644 613 3738 Legio.
676 3661 832 3718 Multi
872 3661 1007 3715 enim
1041 3674 1223 3714 sumus
1270 3655 1421 3728 (Luc.
1444 3650 1604 3723 vm);
1641 3660 1698 3705 et
1725 3644 2018 3710 secundum

433 3759 564 3815 illud
592 3756 735 3829 quod
760 3772 791 3812 a
819 3753 1100 3811 Salvatore
1132 3750 1350 3815 dicitur,
1383 3747 1508 3817 quia
1542 3761 1661 3801 cum
1690 3741 1874 3798 exierit
1922 3740 2021 3794 im-

437 3850 666 3906 mundus
694 3847 909 3920 spiritus
946 3844 1010 3899 ab
1038 3842 1267 3904 homine,
1295 3838 1478 3893 circuit
1514 3836 1632 3890 loca
1670 3832 1848 3899 arida,
1879 3844 2023 3903 qua:-

438 3960 561 3998 rens
602 3941 856 4013 requiem,
885 3947 933 3992 et
973 3951 1075 3991 non
1122 3932 1406 3997 inveniens,
1444 3930 1630 3984 redit:
1666 3936 1713 3982 et
1758 3924 2023 3980 inveniens

438 4034 652 4091 domum
687 4039 974 4093 vacantem,
1020 4035 1067 4080 et
1114 4023 1282 4094 scopis
1319 4021 1643 4085 mandatam,
1680 4015 1898 4072 assumit
1938 4031 2023 4069 se-

438 4142 560 4180 cum
609 4131 803 4195 septem
838 4118 971 4174 alios
1008 4115 1225 4187 spiritus
1258 4114 1527 4183 nequiores
1560 4127 1634 4176 se,
1681 4117 1730 4163 et
1771 4109 2025 4162 intrantes

439 4190 677 4270 ιιαυειαηὶ
713 4210 769 4265 in
802 4225 865 4265 ea
900 4206 1055 4280 (Luc.
1076 4204 1191 4279 at);
1222 4210 1278 4258 et
1303 4202 1419 4257 sine
1460 4200 1624 4256 dubio
1659 4199 1762 4254 iste
1788 4195 1909 4252 talis
1928 4190 2026 4250 bo-

439 4322 531 4383 mo
573 4301 877 4361 communis
918 4298 1139 4362 dicitur,
1184 4308 1374 4349 eorum
1410 4290 1664 4346 videlicet
1688 4302 1877 4343 servus
1899 4283 2029 4357 etle-

2117 3103 2542 3161 condemnabilis
2570 3118 2700 3159 usus
2722 3111 2829 3158 est.
2860 3102 3087 3175 (Ambr.)
3116 3102 3174 3157 In
3207 3102 3312 3157 alia
3362 3103 3600 3172 Epistola
3626 3103 3717 3155 di-

2117 3198 2230 3253 cit:
2263 3195 2402 3251 Esca
2420 3196 2604 3262 uentri,
2633 3207 2681 3250 et
2712 3207 2888 3250 acriter
2911 3195 3040 3249 escis
3063 3209 3083 3247 :
3112 3206 3160 3250 et
3193 3195 3331 3249 hunc
3353 3204 3405 3249 et
3426 3195 3516 3248 hes
3553 3192 3699 3247 Deus

2117 3286 2343 3342 destruet
2375 3285 2426 3359 (1
2443 3285 2566 3340 Cor.
2593 3286 2691 3359 v1).
2725 3285 2860 3353 Quia
2888 3301 2996 3342 non
3021 3287 3089 3341 de
3120 3301 3245 3343 esca
3265 3294 3362 3340 aut
3390 3286 3565 3357 placet
3584 3285 3720 3355 quis

2119 3380 2231 3435 Deo
2253 3387 2346 3434 aut
2361 3379 2633 3449 displicet;
2669 3378 2788 3433 ideo
2808 3378 3129 3434 charitatem
3158 3379 3479 3435 sectandam
3503 3387 3723 3442 umet,

2119 3487 2226 3544 qua
2255 3486 2354 3528 nos
2394 3473 2538 3528 Deus
2580 3471 2812 3527 liberare
2862 3471 3110 3541 dignatus
3143 3477 3264 3526 est:
3293 3469 3373 3526 sic
3408 3470 3566 3524 enim
3594 3471 3679 3525 ait
3703 3485 3723 3523 :

2120 3561 2263 3617 Deus
2289 3571 2462 3616 autem
2488 3570 2698 3633 propter
2738 3561 2953 3615 nimiam
3002 3561 3311 3614 rharitatem
3352 3561 3611 3613 misertus
3642 3570 3727 3614 est

2123 3651 2307 3707 nostri.
2332 3650 2587 3720 Quisquis
2606 3665 2741 3719 ergo
2757 3649 2915 3719 hujus
2934 3648 3179 3704 beneficii
3206 3662 3417 3704 memor
3438 3655 3546 3714 est,
3575 3650 3729 3704 hanc

2120 3744 2320 3800 excolit
2358 3758 2458 3798 nec
2487 3742 2560 3797 illi
2594 3741 2797 3811 aliquid
2845 3741 3143 3811 anteponit.
3189 3739 3390 3811 (θήρ.)
3423 3739 3530 3806 Qui
3567 3741 3727 3795 enim

2124 3837 2403 3903 discernit,
2451 3836 2497 3890 si
2541 3833 2971 3899 manducaverit,
3001 3832 3288 3887 damnatus
3322 3840 3426 3887 est.
3460 3830 3627 3898 Quod
3674 3832 3728 3886 si

2126 3930 2317 3997 facias,
2360 3938 2426 3985 tu
2466 3929 2654 3998 utique
2714 3926 2942 3982 fratrem
2989 3934 3139 3980 tuum
3188 3925 3393 3994 perdis,
3457 3940 3566 3993 pro
3613 3939 3726 3993 quo

2126 4022 2377 4081 Christus
2415 4028 2662 4076 mortuus
2694 4026 2803 4082 est,
2860 4026 2915 4071 et
2962 4024 3025 4071 tu
3040 4014 3093 4071 ei
3145 4030 3338 4071 causas
3390 4013 3734 4084 perditionis

2127 4117 2382 4188 acquiris.
2415 4112 2544 4170 Noli
2563 4113 2675 4168 cibo
2702 4122 2793 4167 tuo
2814 4109 2964 4165 illum
2983 4108 3200 4180 perdere
3222 4124 3317 4178 pro
3340 4124 3447 4178 quo
3470 4105 3731 4162 Christus

2127 4214 2488 4260 mortuus‘est.
2528 4198 2764 4274 (Ambr.)
2789 4198 3060 4267 Quantum
3098 4196 3277 4253 valeat
3312 4196 3461 4251 salus
3507 4195 3729 4259 fratris,

2131 4311 2196 4351 ex
2220 4298 2400 4349 morte
2423 4290 2627 4348 Christi
2661 4289 3037 4360 cognoscitur;
3072 4287 3255 4355 itaque
3286 4285 3380 4355 qui
3408 4284 3513 4340 scit
3546 4300 3731 4353 quan-

440 4374 583 4460 ctus,
635 4390 877 4448 omnium
914 4386 1200 4465 spirituum
1227 4382 1605 4449 malignorum,
1645 4378 1734 4449 qui
1780 4376 2104 4461 hahitantD
2129 4392 2241 4443 tum
2266 4392 2497 4449 ροηειει,
2522 4382 2846 4441 conﬁrmare
2865 4378 3016 4435 mum
3038 4377 3217 4444 debet,
3247 4392 3355 4432 non
3385 4373 3731 4432 mandati“.

442 4492 505 4545 in
531 4502 617 4543 co.
647 4482 841 4539 Merito
864 4492 995 4549 ergo
1024 4476 1203 4533 sciens
1249 4471 1517 4529 sermonis
1543 4468 1701 4539 hujus
1736 4468 1877 4523 hanc
1908 4481 2030 4522 esse

444 4582 711 4640 rationem
748 4576 969 4642 Paulus,
1004 4572 1174 4628 dicit:
1225 4568 1348 4625 Scio
1387 4574 1435 4621 et
1475 4562 1683 4633 conﬁdo
1709 4564 1765 4617 in
1803 4559 2028 4615 Domino

448 4675 600 4739 Iesu,
643 4669 771 4742 quia
793 4665 923 4722 nihil
947 4673 1022 4720 est
1058 4676 1329 4718 commune
1364 4673 1458 4729 per
1484 4657 1677 4727 ipsum.
1704 4651 1866 4742 Nihil
1885 4649 2032 4705 enim

450 4766 507 4821 in
544 4739 808 4819 creaturis
848 4755 945 4811 Dei
984 4762 1178 4810 natura
1203 4750 1287 4807 sui
1314 4748 1648 4804 immundum
1683 4752 1787 4801 est.
1838 4739 2030 4798 Omnia

453 4866 688 4923 namque
737 4865 770 4905 a
803 4848 947 4904 bono
988 4844 1101 4900 Deo
1149 4850 1332 4898 creata
1370 4841 1511 4896 bona
1559 4853 1679 4894 esse
1723 4842 1935 4891 constat
1969 4840 2035 4887 et

455 4943 677 5003 munda.
732 4937 837 4995 Sed
880 4938 952 5003 ei,
987 4933 1184 5004 inquit,
1233 4931 1324 5003 qui
1366 4930 1629 4986 existimat
1675 4923 1876 4997 aliquid
1930 4936 2039 4979 esse

460 5046 751 5098 commune,
785 5027 886 5100 ipsi
913 5039 1184 5081 commune
1217 5032 1291 5077 est
1319 5035 1337 5073 :
1364 5020 1468 5075 hoc
1500 5026 1603 5085 est,
1628 5018 1719 5089 qui
1743 5016 2042 5073 intentione

463 5121 642 5181 cordis
677 5114 1011 5175 immundum
1029 5111 1231 5183 aliquid
1285 5110 1505 5181 cogitat,
1552 5117 1608 5164 et
1645 5106 2043 5163 observantiam

466 5208 794 5275 diversitatis
829 5221 936 5263 non
960 5205 1182 5271 amittit,
1209 5203 1351 5259 sicut
1385 5210 1442 5256 et
1474 5201 1528 5257 in
1562 5196 2045 5269 consequentibus;

472 5303 576 5371 Qui
604 5309 778 5355 autem
804 5298 1074 5361 discernit,
1113 5295 1159 5351 si
1192 5291 1602 5359 manducauerit,
1641 5291 1922 5346 damnatus
1949 5300 2043 5342 est.

474 5396 615 5463 Quia
645 5404 751 5449 non
777 5399 851 5445 est
892 5404 958 5444 ea:
982 5388 1089 5458 ﬁde
1113 5401 1132 5441 :
1156 5402 1308 5442 omne
1352 5385 1491 5441 enim
1528 5383 1666 5456 quod
1710 5398 1814 5437 non
1865 5388 1941 5434 est
1984 5395 2049 5433 ex

472 5485 580 5558 ﬁde
630 5488 896 5556 peccatum
934 5489 1029 5535 est.
1082 5479 1194 5536 Nec
1237 5477 1496 5533 tamenin
1525 5476 1611 5531 his
1649 5473 2049 5530 distinctionem

475 5575 612 5650 legis
648 5574 898 5640 exclusit,
936 5580 999 5628 ut
1042 5572 1283 5629 absolute
1325 5570 1536 5626 diceret
1580 5567 1713 5625 nihil
1756 5582 1877 5624 esse
1905 5582 2053 5623 com-

481 5683 664 5735 mune,
691 5675 788 5726 aut
828 5664 1166 5723 immundum
1197 5677 1385 5719 eorum
1414 5674 1535 5718 quae
1559 5661 1645 5718 lex
1675 5659 1919 5717 definivit
1954 5660 2052 5714 im-

2137 4496 2215 4545 re,
2264 4488 2323 4534 ut
2350 4495 2414 4534 ex
2444 4492 2503 4532 re
2522 4472 2710 4532 frivola
2739 4472 2903 4531 faciat
2944 4472 3020 4529 illi
3052 4469 3385 4540 scrupulum,
3414 4474 3472 4523 et
3493 4466 3732 4537 incipiat

2138 4570 2375 4626 excitare
2402 4565 2694 4639 [haesitare]
2727 4580 2794 4621 an
2824 4559 3196 4619 manducanda
3223 4574 3353 4617 caro
3367 4560 3455 4623 sit,
3485 4573 3592 4613 nec
3622 4575 3733 4623 ne,

2137 4659 2230 4729 qui
2257 4656 2396 4712 forte
2425 4655 2756 4725 simpliciter
2780 4653 2996 4719 edebat,
3025 4666 3249 4707 securus
3282 4650 3350 4705 de
3386 4647 3733 4704 conscientia

2139 4764 2256 4805 sua.
2294 4746 2365 4802 At
2392 4758 2522 4803 vero
2536 4760 2657 4801 cum
2680 4745 2880 4799 adeunt
2904 4740 3309 4805 controversiae,
3338 4737 3561 4807 incipiet
3596 4754 3734 4809 pee-
3774 4742 3781 4758 '

2140 4837 2444 4893 turbatione
2482 4835 2537 4890 in
2561 4833 2659 4890 Del
2683 4840 2986 4889 creaturam
3014 4844 3266 4901 peccare,
3302 4836 3358 4883 et
3389 4827 3495 4882 erit
3526 4824 3737 4894 injuria

2142 4928 2416 4985 Creatoris
2452 4941 2573 4997 qua
2611 4924 2858 4996 proficiet
2910 4921 2980 4976 ad
3025 4919 3381 4990 perditionem
3403 4917 3733 4973 dubitantis.

2146 5019 2269 5075 Non
2296 5035 2417 5089 ergo
2447 5016 2825 5088 blasphemetur
2850 5013 3039 5068 borum
3070 5021 3325 5066 nostrum.
3364 5007 3478 5065 Hoc
3500 5016 3605 5071 est,
3633 5012 3739 5062 do-

2146 5112 2320 5167 ctrina
2343 5108 2776 5173 Dominica,cum
2806 5104 2878 5163 sit
2903 5104 3042 5160 bona
3064 5110 3120 5158 et
3142 5101 3418 5165 salutaris,
3438 5113 3548 5155 non
3566 5097 3735 5153 debet

2146 5216 2246 5273 per
2274 5216 2390 5256 rem
2411 5198 2656 5256 frivolam
2691 5194 3084 5267 blasphemari;
3113 5192 3529 5262 blasphematur
3546 5196 3738 5243 autem

2148 5308 2271 5350 cum
2305 5290 2581 5348 dubitatur
2600 5288 2669 5345 de
2690 5287 2785 5343 Dei
2811 5282 3277 5344 creatura.Potest
3303 5290 3360 5338 et
3403 5280 3483 5336 sic
3503 5277 3741 5349 intelligi

2144 5383 2343 5440 bonum
2395 5389 2642 5437 nostrum
2692 5375 3075 5448 blasphemari,
3132 5374 3262 5444 quia
3313 5372 3408 5443 qui
3435 5372 3573 5427 bona
3600 5382 3742 5438 ope-

2149 5489 2213 5529 ra
2252 5473 2454 5539 habet,
2525 5472 2571 5527 si
2616 5471 2669 5525 in
2730 5468 2834 5524 alia
2887 5464 3316 5539 reprehendatur
3378 5477 3439 5517 re
3487 5459 3739 5525 minima,

2155 5562 2349 5637 (θήρ.)
2398 5563 2599 5618 bonum
2635 5559 2762 5614 illud
2789 5573 2948 5614 suum
2982 5555 3232 5621 oﬂuscat,
3280 5562 3332 5608 et
3387 5550 3603 5620 incipiet
3628 5548 3738 5602 bo—

2155 5672 2281 5713 num
2309 5653 2426 5709 eius
2452 5653 2810 5706 lil‘isnbemari
2850 5666 2947 5701 nor
2991 5648 3189 5702 malum
3237 5644 3371 5696 ciuis.
3422 5642 3549 5719 sive.
3606 5638 3742 5708 quia
