2000 3199
234 164 302 193 1591
547 163 582 190 Β.
601 161 729 190 BABANI
746 160 857 190 MAURI
875 160 1027 189 ARCHIEP

1079 159 1214 188 [OGUN'l‘.
1235 159 1377 188 OPERUM
1396 159 1484 186 PARS
1503 158 1544 186 lll.
1808 161 1898 190 1593

235 219 420 247 inﬁrmitatem
432 217 600 252 delinquunt,
619 217 786 245 robustiores
799 217 900 251 quique
914 216 1023 250 patien-
1040 216 1063 246 Α
1076 215 1127 242 hoc
1138 219 1189 246 est,
1204 215 1349 242 incredulis
1359 219 1387 242 et
1400 214 1552 242 inﬁdelibus
1566 213 1679 245 Judmis,
1694 210 1805 241 Christi
1821 221 1894 240 sef—

234 272 278 292 ter
291 264 392 293 ferant.
406 267 433 291 et
452 270 505 290 non
521 262 649 289 continuo
662 265 791 296 spernant
809 268 867 293 eos,
885 260 1021 295 abjiciant,
1073 270 1118 288 vus
1137 270 1186 288 non
1201 270 1292 288 essem.
1307 261 1336 288 Si
1350 261 1420 287 enim
1435 260 1563 287 voluisset
1576 259 1676 287 Paulus
1693 259 1813 294 placere
1825 258 1891 286 Ju-

234 309 440 340 abhorrescant,
452 307 475 334 si
490 306 559 334 forte
572 307 599 333 in
611 306 700 340 aliquo
712 305 875 332 inﬁrmitatis
887 305 952 331 vitio
966 305 1025 331 viu-

235 357 343 386 cuntur,
361 359 449 387 neque
471 352 521 379 sub
543 350 632 385 specie
646 350 764 385 purioris
775 349 837 376 vita:
856 357 872 376 a
888 352 1023 375 conventu

235 396 351 425 fratrum
371 401 399 424 et
413 396 539 423 Ecclesiae
558 394 687 422 societate
712 393 867 428 depellant:
883 393 928 427 qui
951 393 1024 419 enim

235 443 288 471 hoc
305 442 370 470 facit
383 450 436 470 non
450 445 493 469 est
504 441 623 468 imitator
637 440 717 472 illius,
730 440 763 468 de
773 447 826 474 quo
839 439 921 466 Isaias
933 439 998 466 dicit
1014 447 1020 465 :

233 487 297 522 Ipse
310 487 477 521 inﬁrmitates
494 490 597 511 nostras
611 489 710 519 portat,
722 488 745 510 et
758 491 806 518 pro
817 483 890 510 nobis
905 482 986 515 dolet,
999 488 1024 510 et

228 541 284 562 πηοί
294 531 450 567 putabamus
462 538 521 557 eum
541 530 568 556 in
584 529 674 556 dolore
691 537 756 561 esse,
776 534 800 555 et
816 529 842 555 in
859 528 948 563 plaga,
961 533 984 555 et
996 528 1023 555 in

230 575 449 613 tlﬂlictioneUsa.
462 576 533 612 uti).
547 575 624 609 Quod
648 577 671 603 si
687 575 812 604 Christus
834 580 925 611 portat
949 575 1024 603 inﬁr-

230 623 345 653 mitates
354 627 469 654 nostras,
482 626 510 649 et
521 621 592 649 Deus
602 622 738 656 patienter
747 621 800 648 fert
809 620 906 648 delicta
920 625 1021 653 nostra,

231 667 370 703 quomodo
384 671 412 694 et
426 674 475 694 nos
484 674 577 694 eorum
592 667 638 701 qui
655 667 735 701 paulo
750 666 891 693 inferiores
900 666 1024 693 videnlur

232 719 406 748 nequaquam
428 712 526 739 delicta
543 716 571 739 et
590 712 768 747 negligentias
782 711 950 739 toleramus?
968 711 1024 739 Hoc

235 762 279 786 est
288 758 416 785 nimirum
427 758 514 793 ipsum
521 758 658 785 Christum
670 762 794 785 avertere
804 756 839 784 ab
852 758 903 784 hoc
914 756 1023 788 affectu.

235 811 274 831 ne
284 808 394 839 portare
411 804 476 831 velit
488 803 658 830 inﬁrmitates
669 806 785 830 nostras.
799 802 884 830 Nemo
899 802 972 829 enim
986 802 1024 829 ita

235 848 373 884 perfectus
388 852 438 880 est,
464 848 509 883 qui
529 848 599 883 apud
622 848 708 875 Deum
722 855 776 875 non
795 847 822 874 in
840 847 930 882 aliquo
946 846 1024 873 inve-

1074 308 1148 339 dteis,
1177 308 1335 334 Damascum
1356 314 1418 333 cum
1442 306 1562 341 epistolis
1581 306 1682 333 missus
1707 305 1786 341 (Act.
1816 306 1861 337 rs‘p
1878 326 1889 336 ,

1073 352 1200 379 traxisset
1223 352 1315 386 utique
1330 352 1401 378 viros
1418 355 1446 378 et
1463 351 1590 379 mulieres
1609 351 1721 378 vinctos
1742 351 1889 378 Hierusa-

1072 398 1138 430 lem,
1150 402 1177 425 et
1190 398 1285 424 visioni
1299 398 1392 425 delata:
1407 398 1458 424 sibi
1472 398 1498 424 in
1509 397 1552 425 via
1566 397 1732 431 cmlestiquc
1747 398 1814 424 voci
1827 398 1884 423 mi-

1075 444 1147 471 nime
1167 443 1334 471 credidisset.
1352 443 1418 471 Cum
1443 448 1533 471 autem
1555 443 1666 476 dicitur,
1688 444 1886 478 unusquisqse

1073 494 1186 515 vestrum
1210 489 1329 522 proximo
1349 488 1461 523 placeat,
1488 489 1639 516 necessaria
1662 488 1818 515 distinctio
1837 496 1884 514 so-

1074 533 1172 563 ciatur.
1185 540 1244 567 qutc
1255 533 1282 559 in
1294 540 1346 567 quo
1359 533 1517 567 placendum
1530 533 1566 560 sit
1579 532 1711 567 proximo
1725 532 1883 559 evidcnler

1073 578 1207 609 ostendat,
1221 585 1281 605 cum
1300 578 1366 605 dicit
1386 578 1413 604 in
1429 578 1494 605 bono
1513 578 1549 604 ad
1570 578 1798 612 trdiﬁcationem.
1812 577 1884 603 Cum

1073 630 1140 657 ergo
1168 623 1236 650 bene
1260 623 1385 657 agimus,
1408 627 1435 649 et
1462 623 1530 649 bene
1553 622 1703 652 docemus,
1730 621 1883 655 placemus

1073 668 1205 703 proximo,
1219 672 1246 695 et
1261 668 1425 695 mdiﬁcamus
1437 675 1497 694 eum
1514 676 1520 693 ι
1536 675 1589 694 non
1611 667 1684 693 cnim
1703 666 1833 701 gloriam
1848 668 1881 692 2b

1074 713 1230 740 hominibus
1242 713 1414 747 quazrendam
1430 716 1530 744 monet,
1546 713 1591 740 sed
1606 712 1834 739 aediﬁcationem
1850 712 1885 738 de

1075 763 1134 786 actu
1149 764 1176 786 et
1188 766 1311 786 sermone
1325 762 1417 785 nostro
1430 758 1560 793 proximis
1573 757 1702 789 dandam,
1721 757 1798 784 sicut
1815 763 1844 784 et
1856 758 1883 784 in

1074 812 1108 832 eo
1132 804 1202 839 quod
1217 804 1281 831 dicit
1291 802 1414 830 Salvator
1430 812 1436 830 :
1451 802 1495 830 Sic
1516 802 1600 829 luceat
1622 803 1671 829 lux
1683 807 1778 829 vestra
1791 811 1884 829 core—

1074 848 1232 881 hominibus,
1245 853 1273 875 ut
1284 848 1387 876 videant
1398 856 1476 883 opera
1493 853 1577 875 vestra
1587 848 1667 879 bona,
1682 853 1707 874 et
1724 847 1885 882 gloriﬁctx

234 894 327 921 niatur
341 893 476 927 inﬁrmus,
490 897 517 920 et
528 896 653 927 portetur
667 900 683 919 a
695 892 816 924 Christo,
832 897 860 919 et
883 892 943 919 ideo
956 898 1025 926 sym-
1038 891 1061 921 B
1077 895 1183 923 Patrem
1197 900 1308 923 vestrum
1328 896 1373 930 qui
1386 896 1413 922 in
1423 895 1493 922 ca'lis
1503 901 1539 922 est
1553 895 1660 930 (Matth.
1672 895 1714 930 ν).
1736 895 1795 922 Per
1811 895 1886 930 quod

234 938 355 973 pathiam
370 939 456 973 magis
478 938 504 965 in
523 938 576 966 hoc
591 939 679 971 docet,
703 938 730 965 id
747 942 800 970 est,
822 938 938 973 compari
954 937 1022 964 invi-

236 991 296 1011 cem
308 988 335 1011 et
347 983 500 1016 condolere,
522 983 592 1011 sicut
610 988 638 1011 et
659 983 686 1010 in
700 983 759 1010 aliis
776 983 870 1010 scribit
885 982 952 1019 (Col.
966 982 1022 1018 ut):

235 1028 371 1056 Donantes
382 1029 451 1056 vobis
464 1029 573 1056 invicem
585 1028 679 1055 delicta
693 1034 786 1061 vestra,
799 1029 866 1055 sicut
882 1033 905 1055 et
916 1028 987 1055 Deus
997 1028 1026 1055 in

237 1073 341 1102 Christo
355 1074 461 1101 donavit
471 1076 551 1102 vobis.
567 1074 624 1102 Hoc
642 1079 732 1102 autem
747 1082 801 1102 non
815 1075 916 1103 idcirco
929 1075 1024 1110 praeci-

235 1119 287 1154 pit,
296 1124 326 1146 ut
336 1119 522 1153 delinquentes
532 1120 645 1153 nutriat,
661 1124 688 1148 et
701 1120 868 1147 inﬁrmantes
884 1119 1024 1155 indulgen-

237 1165 276 1192 tia
289 1165 393 1193 laxiore
411 1165 552 1198 dissolvat,
565 1167 611 1193 sed
625 1166 714 1193 sciens
723 1165 857 1200 quomodo
871 1165 894 1193 si
904 1169 1026 1201 portetur

236 1210 374 1244 inﬁrmus,
387 1215 433 1238 aut
444 1210 580 1239 erubescit
590 1211 691 1238 diutius
706 1210 820 1246 portari,
828 1215 855 1238 et
866 1210 976 1245 corrigit
984 1209 1025 1237 vi-

237 1257 306 1284 tium
320 1257 558 1291 delinqucndi,aut
571 1257 593 1284 si
606 1257 753 1284 emendare
767 1263 795 1283 se
809 1263 862 1284 non
876 1255 958 1288 valet,
974 1255 1027 1282 erit

238 1306 313 1330 certe
326 1302 429 1330 fructus
444 1303 494 1330 iste
514 1303 647 1337 portantis
664 1310 738 1335 eum,
760 1302 831 1337 quod
853 1309 907 1328 non
921 1300 1029 1335 proﬁcit

239 1347 268 1373 in
287 1346 375 1381 pejus,
396 1354 447 1374 nec
464 1347 608 1382 semetipso
626 1347 744 1374 deterior
766 1345 889 1379 etiicitur,
905 1345 975 1373 sicut
989 1344 1027 1372 illi

238 1392 272 1420 de
290 1392 388 1427 quibus
412 1393 478 1420 dicit
503 1391 647 1428 Apostolus
664 1392 706 1429 (Il
731 1392 798 1419 Tim.
821 1392 863 1428 ιιι)
881 1401 887 1418 :
906 1391 1026 1426 Nequam

237 1442 325 1465 autem
349 1438 466 1466 homines
481 1443 506 1465 et
523 1439 670 1466 seductores
692 1439 827 1474 proﬁcient
846 1442 873 1465 in
888 1439 973 1473 pejus,
990 1446 1027 1465 se-

237 1484 361 1511 ducentes
382 1488 407 1511 et
427 1489 555 1511 errantes.
575 1484 710 1512 Debemus
736 1488 828 1511 autem
850 1485 885 1511 ad
907 1483 934 1510 id
955 1484 1026 1519 quod

238 1529 408 1557 inﬁrmitates
422 1535 560 1564 portamus
571 1530 750 1562 inﬁrmorum,
762 1531 859 1557 addere
870 1530 951 1558 etiam
965 1531 1024 1561 hoc,

1075 947 1128 967 non
1142 940 1235 975 utique
1256 941 1289 967 ad
1313 939 1486 974 qmercndam
1509 939 1623 973 gloriam
1649 939 1686 966 ab
1712 940 1884 967 horninibus

1075 985 1220 1020 discipulos
1232 985 1399 1017 adhortatur,
1411 985 1457 1011 sed
1469 988 1497 1011 ut
1507 990 1580 1011 recte
1591 984 1774 1019 honesteque
1787 986 1883 1012 viven-

1076 1035 1115 1058 tes
1129 1030 1333 1059 tedilicationem
1355 1030 1508 1057 videntibus
1521 1029 1669 1064 praebcant,
1691 1035 1721 1057 et
1738 1031 1884 1066 gloriﬁce-

1077 1081 1119 1104 tur
1132 1077 1203 1104 Deus
1216 1076 1261 1112 qui
1275 1075 1430 1104 hominibus
1451 1076 1522 1103 viam
1537 1075 1745 1103 emendaticmis
1769 1081 1801 1103 et
1816 1076 1884 1104 salu-

1076 1122 1111 1149 tis
1123 1122 1239 1156 aperuit.

1112 1166 1183 1193 Nam
1194 1172 1218 1194 et
1228 1166 1347 1194 Christus
1361 1166 1410 1193 sibi
1422 1173 1473 1193 non
1482 1165 1590 1201 placuit,
1602 1165 1647 1192 sed
1660 1165 1734 1192 sicut
1748 1166 1883 1199 scriptun

1076 1216 1113 1239 est
1125 1220 1134 1238 :
1145 1211 1302 1246 improperia
1319 1211 1551 1246 improperantium
1566 1210 1612 1237 tibi
1626 1210 1791 1236 ceciderunt
1809 1218 1886 1244 super

1076 1266 1126 1285 me.
1149 1256 1246 1292 (0rig.)
1268 1256 1296 1283 In
1310 1256 1361 1283 hoc
1375 1255 1483 1282 videtur
1504 1255 1658 1286 ostendere,
1674 1255 1745 1289 quia
1761 1259 1793 1281 et
1809 1255 1886 1281 Chri-

1077 1306 1134 1329 stus
1146 1308 1201 1328 non
1217 1300 1268 1328 sibi
1284 1300 1394 1335 placens
1410 1307 1460 1327 nec
1474 1299 1595 1334 rapinam
1617 1299 1763 1327 arbitrans
1780 1307 1846 1327 esse
1859 1307 1887 1326 se

1078 1347 1208 1383 aequalem
1220 1347 1276 1374 Deo
1291 1345 1375 1382 (Phil.
1390 1345 1434 1381 ιι),
1450 1345 1625 1380 semetipsum
1647 1345 1827 1377 exinanin‘t,
1840 1344 1886 1372 sed

1077 1393 1170 1421 volens
1185 1392 1339 1421 hominibus
1348 1391 1465 1426 placere,
1480 1391 1532 1418 hoc
1544 1394 1596 1423 est,
1613 1389 1744 1417 homines
1760 1389 1884 1422 salvare,

1078 1438 1238 1474 iuproperia
1257 1437 1498 1472 improperantium
1518 1436 1639 1471 pertulit,
1656 1436 1731 1463 sicut
1746 1436 1884 1470 scriptum

1077 1490 1137 1512 est:
1154 1483 1317 1519 Improperia
1340 1482 1573 1517 improperantium
1597 1481 1643 1508 tibi
1659 1481 1819 1508 ceciderunt
1834 1490 1884 1508 u-

1078 1538 1124 1565 per
1143 1537 1183 1556 me
1203 1528 1290 1563 (Psal.
1305 1527 1412 1563 vani).
1428 1527 1504 1560 Quod
1523 1525 1676 1553 evidentius
1701 1526 1763 1558 ﬁet,
1786 1526 1812 1553 si
1838 1534 1884 1557 ω,

238 1578 269 1601 ιιι
289 1581 343 1600 non
365 1574 444 1601 nobis
466 1574 531 1609 ipsis
554 1574 719 1609 placeamus,
743 1575 789 1601 sed
808 1574 932 1608 proximo
957 1574 1028 1601 sicut
1041 1566 1064 1598 C
1079 1581 1139 1608 qua:
1157 1573 1184 1600 in
1197 1572 1341 1607 Evangelio
1355 1571 1455 1606 scripta
1467 1575 1541 1603 sunt,
1557 1570 1723 1602 reeolamus,
1740 1570 1876 1604 quomodo

239 1617 308 1645 dixit
322 1626 329 1644 :

275 1660 459 1697 Unusquisque
469 1666 581 1690 vestrum
598 1663 717 1698 proximo
738 1670 785 1689 suo
797 1662 899 1697 placeat
921 1663 948 1689 iu
962 1663 1028 1689 bono

239 1707 274 1734 ad
298 1707 509 1742 cedi/irationem.
533 1707 631 1743 (0rig.)
650 1708 789 1735 Philautim
801 1708 907 1741 vitium,
928 1708 955 1735 id
975 1712 1027 1740 est,

238 1751 292 1781 sibi
316 1752 368 1788 ipsi
395 1753 535 1788 placendi,
562 1757 591 1781 et
616 1753 644 1780 in
674 1753 735 1780 aliis
760 1753 851 1787 culpat
879 1753 1027 1788 propheta,

238 1807 301 1827 cum
316 1799 382 1827 dicit
407 1809 413 1827 ;
441 1799 487 1826 νω
508 1799 548 1827 Itis
569 1800 614 1835 qui
633 1801 704 1835 apud
726 1801 874 1835 semetipsos
901 1800 1029 1835 sapientes

238 1849 309 1878 sunt,
325 1849 349 1871 et
372 1845 399 1871 in
419 1849 558 1878 conspectu
577 1853 624 1872 suo
643 1846 740 1872 eruditi
759 1845 826 1880 (Ιείι.
842 1845 880 1877 v).
898 1845 1030 1872 Similiter

238 1897 303 1925 ergo
312 1895 338 1917 et
352 1890 379 1917 in
391 1890 442 1917 hoc
455 1897 599 1925 possumus
611 1890 717 1917 dicere:
730 1890 776 1917 Vae
785 1890 828 1917 bis
840 1890 887 1925 qui
898 1889 949 1917 sibi
963 1889 1028 1924 ipsis

237 1935 357 1969 placent,
371 1932 399 1963 ei
411 1936 440 1963 in
454 1940 600 1970 conspectu
620 1943 672 1963 suo
693 1936 756 1963 boni
769 1936 903 1963 videntur.
919 1936 1030 1970 Oportet

239 1981 312 2008 enim
325 1981 352 2008 in
365 1986 511 2016 conspectu
523 1982 568 2009 Dei
581 1981 670 2016 primo
679 1982 796 2017 placere,
809 1982 926 2009 secundo
936 1982 1028 2016 p‘roxi-

240 2026 303 2052 mis.
333 2026 410 2054 Sicut
432 2027 504 2054 enim
530 2027 648 2062 primum
670 2031 713 2055 est
745 2027 858 2063 diligere
886 2027 1030 2054 Dominum

240 2071 373 2105 Deum,et
385 2073 504 2101 secundo
516 2073 685 2108 proximum:
701 2074 736 2100 ita
751 2078 778 2101 et
794 2073 909 2109 primum
923 2072 1031 2107 placere

240 2117 307 2149 Deo,
330 2118 449 2146 secundo
473 2118 554 2145 etiam
576 2119 718 2153 proximis.
744 2117 801 2145 Sed
820 2117 935 2146 fortasse
959 2118 1031 2146 dicat

240 2162 340 2196 aliquis
363 2163 499 2191 contraria
523 2164 572 2191 sibi
597 2163 708 2191 Paulum
733 2164 824 2191 dicere
848 2164 875 2190 in
899 2171 932 2191 eo
959 2163 1030 2198 quod

238 2207 316 2240 jubet
341 2214 389 2235 uos
412 2208 543 2242 proximis
571 2209 689 2243 placere,
719 2210 765 2244 qui
794 2210 821 2237 in
845 2209 905 2237 aliis
933 2208 1032 2237 dixerit

241 2250 313 2286 (Gal.
326 2252 346 2287 l)
360 2261 367 2279 :
381 2252 446 2288 Ego,
458 2254 481 2280 si
500 2254 648 2281 hominibus
671 2255 808 2289 placerem,
822 2254 920 2282 Christi
940 2262 1029 2282 seruus

242 2306 293 2324 non
313 2306 404 2325 essent.
429 2299 461 2326 Et
485 2301 577 2334 utique
603 2301 664 2327 huic
689 2301 829 2328 sentcntiae
845 2301 950 2328 videtur
970 2309 1030 2328 esse

242 2346 423 2378 contrarium;
437 2351 465 2373 ut
479 2356 484 2372 :
502 2346 684 2382 Unusquisque
698 2353 814 2374 nostratui
836 2348 955 2382 proximo
974 2347 1031 2381 pla-

242 2397 314 2423 ceat;
334 2397 360 2419 ct
375 2393 444 2427 quod
467 2393 494 2420 in
519 2394 578 2420 aliis
596 2394 695 2428 dicit(l
709 2394 770 2420 Car.
786 2394 812 2428 χ)
829 2402 835 2420 :
853 2394 925 2420 Sicut
939 2400 961 2420 et
985 2402 1031 2428 ego

241 2438 360 2464 omnibus
374 2447 419 2472 per
437 2439 524 2465 omnia
545 2439 643 2473 placeo,
665 2448 715 2465 non
742 2448 861 2474 qtut'rcns
881 2439 950 2473 quod
969 2439 1031 2465 nti/ti

241 2483 306 2510 utile
320 2488 368 2515 est,
389 2483 433 2510 sed
451 2484 519 2518 quod
546 2484 643 2515 multis,
662 2488 688 2509 ut
709 2484 773 2509 salvi
787 2484 862 2517 ﬁant.
884 2484 1031 2510 Dicendum

242 2536 307 2563 ergo
326 2528 360 2555 ad
387 2528 448 2560 hoc,
472 2528 542 2563 quod
567 2528 637 2554 aliud
661 2532 702 2554 est
722 2528 839 2554 studium
855 2528 956 2554 habere
975 2528 1032 2561 pla-

243 2574 320 2601 cendi
336 2574 500 2606 hominibus,
520 2579 548 2601 ut
566 2574 672 2600 laudem
685 2574 717 2600 ab
728 2574 767 2600 eis
782 2578 898 2608 quaerat,
914 2578 940 2600 et
960 2573 1032 2599 aliud

243 2623 284 2646 est
307 2619 425 2646 studium
450 2620 548 2647 habere
570 2619 692 2654 placendi
716 2620 870 2646 hominibus
892 2621 917 2646 iu
950 2627 981 2647 co
1004 2624 1033 2645 ut

242 2665 297 2691 Vita
311 2672 360 2691 sua
374 2664 617 2699 irrcprcheusibilis
633 2665 667 2692 sit
683 2666 752 2699 apud
771 2666 902 2697 homines,
923 2670 949 2692 et
971 2674 1033 2699 pro-

243 2713 336 2740 ﬁciant
347 2720 380 2739 cx
392 2720 424 2739 co
436 2720 528 2740 omnes
539 2714 583 2748 qui
595 2714 634 2741 vel
648 2714 739 2741 rident
754 2714 842 2746 talem,
856 2715 897 2741 \‘cl
911 2715 1031 2741 audiunt.

244 2759 281 2785 lhi
296 2767 361 2794 ergo
378 2759 536 2793 placendum
559 2769 611 2787 non
627 2765 669 2788 est
684 2760 847 2792 hominibus,
869 2761 912 2787 uhi
939 2766 1033 2787 contra

246 2804 337 2835 ﬁdem,
351 2809 446 2831 contra
461 2804 641 2837 honestatem,
661 2810 755 2832 contra
773 2806 927 2840 religionem
943 2811 985 2832 cst
1007 2807 1032 2832 in

246 2856 298 2882 quo
306 2848 453 2883 placcatur,
463 2850 521 2877 idco
534 2850 606 2882 dicit,
615 2851 675 2883 quia
687 2862 691 2876 ;
702 2850 729 2877 Si
739 2851 884 2877 homini/tus
892 2851 1030 2885 plttccrt’m,

1079 1623 1108 1645 ut
1126 1619 1268 1653 prodesset
1287 1618 1442 1645 hominibus
1461 1621 1488 1644 et
1504 1616 1592 1644 salvos
1611 1615 1715 1643 faceret
1729 1623 1786 1648 eos,
1806 1622 1875 1642 eum

1079 1663 1270 1700 peccatoribus
1294 1667 1323 1690 et
1345 1670 1406 1690 cum
1427 1662 1579 1697 publicanis
1600 1661 1785 1688 mandueabat
1794 1664 1824 1687 et
1839 1660 1883 1687 bi-

1078 1712 1168 1743 bebat,
1194 1714 1221 1738 et
1245 1710 1279 1737 ad
1302 1710 1355 1738 hoc
1376 1710 1594 1745 improperantes
1618 1708 1705 1736 Judaei
1728 1708 1883 1735 dicebant:

1080 1758 1168 1791 Quare
1198 1757 1323 1791 magister
1354 1761 1436 1783 uester
1468 1764 1527 1782 cum
1557 1754 1740 1790 peccatoribus
1774 1759 1798 1781 et
1824 1762 1885 1781 cur

1078 1804 1223 1840 publicanis
1245 1802 1386 1830 manducet
1422 1801 1529 1837 (Matth.
1543 1801 1600 1836 Ix)?
1619 1801 1666 1828 Vel
1689 1801 1803 1833 iterum,
1820 1808 1887 1827 cum

1079 1849 1256 1884 peccatricem
1293 1847 1434 1874 mulierem
1462 1854 1515 1874 non
1533 1846 1696 1881 prohibebat
1718 1846 1887 1880 contingere

1079 1894 1160 1928 pedes
1183 1900 1256 1925 suos,
1282 1896 1310 1920 et
1342 1891 1471 1926 lacrymis
1505 1891 1561 1918 suis
1585 1891 1686 1925 rigare,
1706 1890 1748 1917 vel
1773 1890 1887 1924 capillis

1080 1939 1229 1972 detergere,
1242 1945 1275 1965 ac
1288 1936 1396 1972 myrrha
1415 1942 1575 1970 perungere,
1589 1940 1617 1963 et
1630 1943 1678 1970 pro
1691 1936 1744 1962 hoc
1772 1935 1884 1969 impro-

1079 1989 1205 2020 perau'tcs
1226 1988 1253 2011 et
1271 1982 1467 2017 exprobrantes
1491 1980 1576 2009 Judaei
1590 1982 1726 2013 dicebant,
1742 1982 1811 2015 quia
1829 1980 1886 2007 Hic

1079 2030 1103 2057 si
1112 2029 1237 2064 propheta
1248 2033 1326 2060 esset,
1337 2027 1413 2054 sciret
1426 2027 1514 2062 utique
1528 2035 1587 2062 qua:
1597 2031 1621 2053 et
1633 2026 1718 2061 qualis
1730 2031 1769 2052 est
1786 2026 1888 2052 mulier

1079 2083 1138 2109 qua:
1162 2074 1243 2108 tangit
1264 2080 1334 2104 eum,
1356 2072 1417 2107 quia
1441 2072 1574 2107 peccatrix
1591 2077 1629 2098 cst
1647 2071 1724 2106 (Luc.
1739 2071 1804 2104 vn).
1826 2070 1886 2098 Sed

1080 2120 1103 2147 si
1117 2119 1250 2154 requiras,
1264 2125 1312 2144 cur
1324 2117 1489 2151 exemplum,
1502 2117 1574 2152 quod
1588 2117 1620 2144 de
1631 2116 1739 2144 Psalmo
1750 2118 1886 2151 protulit,

1081 2166 1117 2193 ita
1129 2165 1236 2196 habeat,
1246 2163 1324 2198 quasi
1337 2164 1501 2199 improperia
1513 2172 1573 2198 quae
1586 2164 1806 2199 improperentur
1813 2164 1886 2197 Deo,

1081 2210 1228 2244 ceciderint
1249 2216 1329 2244 super
1349 2208 1546 2241 Christum,ita
1557 2217 1699 2244 possumus
1718 2210 1884 2244 explanare.

1083 2257 1144 2291 quia
1165 2256 1235 2282 sicut
1248 2255 1315 2282 dixit
1328 2264 1334 2281 :
1348 2254 1400 2287 Qui
1422 2264 1462 2282 me
1483 2256 1584 2290 recipit,
1603 2256 1692 2290 recipit
1706 2264 1765 2282 eum
1779 2257 1829 2290 qui
1841 2265 1885 2282 me

1083 2304 1150 2329 misit
1160 2303 1267 2337 (Jlntt/z.
1277 2302 1316 2336 Χ),
1326 2302 1361 2328 ita
1375 2307 1400 2328 ct
1414 2303 1463 2329 hoc
1476 2303 1561 2337 accipi
1575 2307 1672 2337 potest,
1683 2303 1746 2337 quia
1755 2303 1802 2336 qui
1814 2303 1883 2330 mihi

1084 2349 1259 2382 improperat,
1274 2348 1437 2382 improperat
1455 2348 1478 2374 ei
1501 2349 1545 2383 qui
1565 2348 1637 2375 misit
1653 2356 1704 2375 me.
1718 2348 1883 2382 Exemplum

1083 2402 1147 2429 ergo
1161 2393 1231 2427 quod
1245 2394 1390 2427 assumpsit
1415 2393 1441 2419 in
1455 2394 1621 2427 sexagesimo
1648 2399 1748 2421 octavo
1769 2394 1881 2428 psalmo

1086 2441 1135 2466 huc
1155 2438 1232 2464 modo
1248 2439 1377 2472 scriptum
1393 2444 1453 2465 est:
1469 2439 1575 2465 Alienus
1598 2439 1683 2473 factus
1706 2447 1764 2465 sum
1783 2439 1881 2474 [ratri-

1086 2485 1132 2510 bus
1145 2485 1207 2510 meis
1219 2489 1241 2510 ct
1254 2484 1344 2517 hospes
1357 2483 1419 2516 ﬁliis
1432 2484 1521 2510 matris
1539 2493 1610 2510 ntere.
1621 2484 1688 2516 Quia
1703 2484 1773 2510 zelus
1784 2487 1879 2510 domat:

1087 2537 1137 2557 tua!
1146 2530 1255 2556 come/lit
1264 2537 1314 2560 mc,
1323 2534 1344 2554 cl
1354 2530 1508 2563 intproprria
1520 2530 1752 2564 inipropcrmttimn
1760 2530 1805 2555 tibi
1814 2530 1875 2555 ατει

1086 2578 1179 2603 derunt
1193 2583 1269 2609 super
1280 2583 1329 2600 me.
1341 2574 1458 2609 (βαιών.)
1472 2575 1639 2601 Salvatorcm
1654 2583 1707 2601 non
1718 2574 1877 2609 sibimetipsi

1087 2622 1151 2649 dicit
1168 2620 1366 2655 plat:ttissc,setl
1380 2620 1433 2646 Deo
1447 2621 1529 2652 Patri,
1545 2621 1607 2654 quia
1625 2621 1689 2647 dicit
1705 2630 1712 2648 :
1729 2621 1790 2648 Non
1808 2621 1879 2647 cuiu

1087 2666 1207 2692 descendi
1230 2665 1261 2690 dc
1286 2664 1514 2698 Ctl‘lti,1tl‘[tltfl(ltll
1539 2665 1696 2691 voluntatem
1722 2664 1880 2697 meum,“

1083 2712 1242 2738 voluntatem
1258 2710 1314 2744 ejus
1328 2710 1371 2743 qui
1386 2717 1424 2734 me
1436 2710 1516 2741 misit,
1532 2710 1618 2736 Patris
1631 2710 1722 2744 (Joan.
1739 2718 1766 2741 ν,
1781 2710 1829 2746 vs).
1844 2709 1880 2737 Ει

1083 2759 1144 2792 quia
1160 2765 1219 2784 cum
1234 2757 1290 2783 lucc
1302 2756 1411 2787 diceret,
1424 2756 1674 2783 contradicentilms
1685 2756 1785 2784 Judmis
1798 2756 1878 2791 quasi

1082 2807 1207 2838 peccator
1228 2802 1369 2831 occiditur,
1390 2800 1614 2836 psalmographus
1629 2809 1661 2829 ex
1677 2808 1793 2836 persona
1817 2800 1879 2834 eius

1084 2850 1161 2876 verba
1188 2848 1251 2875 facit
1277 2846 1309 2873 ad
1328 2846 1411 2872 Deum
1425 2845 1542 2879 Patrem,
1555 2847 1647 2875 dicens
1667 2857 1672 2872 :
1697 2846 1878 2873 Detractiom
