  <div class='ocr_page' id='page_1' title='image "/cluster/home/n/w/nwhite01/storage/ocr_20150623/111/hvd.32044009716333/805.png"; bbox 0 0 2000 3199; ppageno 0'>
   <div class='ocr_carea' id='block_1_1' title="bbox 261 134 1926 167">
    <p class='ocr_par' dir='ltr' id='par_1_1' title="bbox 261 134 1926 167">
     <span class='ocr_line' id='line_1_1' title="bbox 261 134 1926 167; baseline -0.003 0"><span class='ocrx_word' id='word_1_1' title='bbox 261 138 332 167; x_wconf 73' lang='grc'>1595</span> <span class='ocrx_word' id='word_1_2' title='bbox 598 139 637 166; x_wconf 85' lang='lat' dir='ltr'><strong>B.‘</strong></span> <span class='ocrx_word' id='word_1_3' title='bbox 650 138 775 166; x_wconf 78' lang='lat' dir='ltr'><strong>RABANI</strong></span> <span class='ocrx_word' id='word_1_4' title='bbox 793 137 904 165; x_wconf 81' lang='lat' dir='ltr'><strong>MAURI</strong></span> <span class='ocrx_word' id='word_1_5' title='bbox 922 134 1080 164; x_wconf 80' lang='lat' dir='ltr'><strong>ARCIIIEP.</strong></span> <span class='ocrx_word' id='word_1_6' title='bbox 1100 134 1252 163; x_wconf 83' lang='lat' dir='ltr'><strong>MOGUNT.</strong></span> <span class='ocrx_word' id='word_1_7' title='bbox 1273 135 1415 164; x_wconf 82' lang='lat' dir='ltr'><strong>OPERUM</strong></span> <span class='ocrx_word' id='word_1_8' title='bbox 1433 135 1523 163; x_wconf 76' lang='lat' dir='ltr'><strong>PARS</strong></span> <span class='ocrx_word' id='word_1_9' title='bbox 1541 135 1584 163; x_wconf 87' lang='grc' dir='ltr'><strong>ΠΙ.</strong></span> <span class='ocrx_word' id='word_1_10' title='bbox 1843 136 1926 162; x_wconf 67' lang='lat' dir='ltr'><strong>i596</strong></span> 
     </span>
    </p>
   </div>
   <div class='ocr_carea' id='block_1_2' title="bbox 261 190 1921 230">
    <p class='ocr_par' dir='ltr' id='par_1_2' title="bbox 261 190 1921 230">
     <span class='ocr_line' id='line_1_2' title="bbox 261 190 1921 230; baseline -0.002 -8"><span class='ocrx_word' id='word_1_11' title='bbox 261 195 360 223; x_wconf 87' lang='lat' dir='ltr'><strong>nullius</strong></span> <span class='ocrx_word' id='word_1_12' title='bbox 382 195 488 222; x_wconf 78' lang='lat' dir='ltr'><strong>horruit</strong></span> <span class='ocrx_word' id='word_1_13' title='bbox 514 195 713 228; x_wconf 87' lang='lat' dir='ltr'><strong>lmmunditias,</strong></span> <span class='ocrx_word' id='word_1_14' title='bbox 737 203 788 223; x_wconf 88' lang='lat' dir='ltr'><strong>nec</strong></span> <span class='ocrx_word' id='word_1_15' title='bbox 807 194 942 230; x_wconf 86' lang='lat' dir='ltr'><strong>reputavit</strong></span> <span class='ocrx_word' id='word_1_16' title='bbox 966 192 1046 221; x_wconf 78' lang='lat' dir='ltr'><strong>alicui</strong></span> <span class='ocrx_word' id='word_1_17' title='bbox 1061 192 1086 221; x_wconf 80' lang='grc' dir='ltr'>Α</span> <span class='ocrx_word' id='word_1_18' title='bbox 1099 190 1146 217; x_wconf 73' lang='grc' dir='ltr'><strong>οἱδὶ</strong></span> <span class='ocrx_word' id='word_1_19' title='bbox 1173 191 1234 217; x_wconf 72' lang='lat' dir='ltr'><strong>estis</strong></span> <span class='ocrx_word' id='word_1_20' title='bbox 1250 191 1445 219; x_wconf 75' lang='lat' dir='ltr'><strong>circumcisione</strong></span> <span class='ocrx_word' id='word_1_21' title='bbox 1466 199 1518 218; x_wconf 87' lang='lat' dir='ltr'><strong>non</strong></span> <span class='ocrx_word' id='word_1_22' title='bbox 1540 190 1693 224; x_wconf 79' lang='lat' dir='ltr'><strong>manufacta</strong></span> <span class='ocrx_word' id='word_1_23' title='bbox 1713 192 1743 216; x_wconf 75' lang='lat' dir='ltr'><strong>in</strong></span> <span class='ocrx_word' id='word_1_24' title='bbox 1763 192 1921 220; x_wconf 71' lang='lat' dir='ltr'><strong>exspolia-</strong></span> 
     </span>
    </p>
   </div>
   <div class='ocr_carea' id='block_1_3' title="bbox 261 234 1919 276">
    <p class='ocr_par' dir='ltr' id='par_1_3' title="bbox 261 234 1919 276">
     <span class='ocr_line' id='line_1_3' title="bbox 261 234 1919 276; baseline -0.002 -9"><span class='ocrx_word' id='word_1_25' title='bbox 261 240 358 268; x_wconf 88' lang='lat' dir='ltr'><strong>delicta</strong></span> <span class='ocrx_word' id='word_1_26' title='bbox 374 248 431 267; x_wconf 88' lang='lat' dir='ltr'><strong>sua.</strong></span> <span class='ocrx_word' id='word_1_27' title='bbox 454 240 526 267; x_wconf 85' lang='lat' dir='ltr'><strong>Nihil</strong></span> <span class='ocrx_word' id='word_1_28' title='bbox 542 248 607 276; x_wconf 88' lang='lat' dir='ltr'><strong>ergo</strong></span> <span class='ocrx_word' id='word_1_29' title='bbox 634 241 668 268; x_wconf 87' lang='lat' dir='ltr'><strong>de</strong></span> <span class='ocrx_word' id='word_1_30' title='bbox 691 241 870 268; x_wconf 70' lang='lat' dir='ltr'><strong>immunditiis</strong></span> <span class='ocrx_word' id='word_1_31' title='bbox 893 240 1048 267; x_wconf 87' lang='lat' dir='ltr'><strong>animalium</strong></span> <span class='ocrx_word' id='word_1_32' title='bbox 1101 236 1169 262; x_wconf 79' lang='lat' dir='ltr'><strong>tione</strong></span> <span class='ocrx_word' id='word_1_33' title='bbox 1190 236 1305 270; x_wconf 75' lang='lat' dir='ltr'><strong>corporis</strong></span> <span class='ocrx_word' id='word_1_34' title='bbox 1325 236 1411 262; x_wconf 78' lang='lat' dir='ltr'><strong>carnis</strong></span> <span class='ocrx_word' id='word_1_35' title='bbox 1424 256 1431 267; x_wconf 84' lang='grc'><strong><em>,</em></strong></span> <span class='ocrx_word' id='word_1_36' title='bbox 1453 236 1497 262; x_wconf 77' lang='lat' dir='ltr'><strong>sed</strong></span> <span class='ocrx_word' id='word_1_37' title='bbox 1515 236 1541 261; x_wconf 83' lang='lat' dir='ltr'><strong>in</strong></span> <span class='ocrx_word' id='word_1_38' title='bbox 1562 234 1768 261; x_wconf 71' lang='lat' dir='ltr'><strong>circumcisione</strong></span> <span class='ocrx_word' id='word_1_39' title='bbox 1792 234 1919 265; x_wconf 66' lang='lat' dir='ltr'><strong>Christi.</strong></span> 
     </span>
    </p>
   </div>
   <div class='ocr_carea' id='block_1_4' title="bbox 258 280 1920 322">
    <p class='ocr_par' dir='ltr' id='par_1_4' title="bbox 258 280 1920 322">
     <span class='ocr_line' id='line_1_4' title="bbox 258 280 1920 322; baseline -0.004 -9"><span class='ocrx_word' id='word_1_40' title='bbox 258 286 397 322; x_wconf 85' lang='lat' dir='ltr'><strong>judicetis,</strong></span> <span class='ocrx_word' id='word_1_41' title='bbox 408 287 478 314; x_wconf 89' lang='lat' dir='ltr'><strong>sicut</strong></span> <span class='ocrx_word' id='word_1_42' title='bbox 490 294 540 314; x_wconf 88' lang='lat' dir='ltr'><strong>nec</strong></span> <span class='ocrx_word' id='word_1_43' title='bbox 551 287 596 314; x_wconf 87' lang='lat' dir='ltr'><strong>ille</strong></span> <span class='ocrx_word' id='word_1_44' title='bbox 609 286 796 313; x_wconf 85' lang='lat' dir='ltr'><strong>immunditias</strong></span> <span class='ocrx_word' id='word_1_45' title='bbox 818 285 985 313; x_wconf 75' lang='lat' dir='ltr'><strong>credentium</strong></span> <span class='ocrx_word' id='word_1_46' title='bbox 1006 292 1050 311; x_wconf 81' lang='lat' dir='ltr'><strong>re-</strong></span> <span class='ocrx_word' id='word_1_47' title='bbox 1101 281 1241 316; x_wconf 80' lang='lat' dir='ltr'><strong>consepulti</strong></span> <span class='ocrx_word' id='word_1_48' title='bbox 1266 283 1289 308; x_wconf 86' lang='lat' dir='ltr'><strong>ei</strong></span> <span class='ocrx_word' id='word_1_49' title='bbox 1308 283 1336 308; x_wconf 89' lang='lat' dir='ltr'><strong>in</strong></span> <span class='ocrx_word' id='word_1_50' title='bbox 1356 282 1493 316; x_wconf 81' lang='lat' dir='ltr'><strong>baptismo.</strong></span> <span class='ocrx_word' id='word_1_51' title='bbox 1516 280 1569 307; x_wconf 87' lang='lat' dir='ltr'><strong>Per</strong></span> <span class='ocrx_word' id='word_1_52' title='bbox 1583 280 1740 314; x_wconf 88' lang='lat' dir='ltr'><strong>hujusmodi</strong></span> <span class='ocrx_word' id='word_1_53' title='bbox 1761 288 1842 315; x_wconf 76' lang='lat' dir='ltr'><strong>ergo</strong></span> <span class='ocrx_word' id='word_1_54' title='bbox 1858 281 1920 307; x_wconf 79' lang='lat' dir='ltr'><strong>cir-</strong></span> 
     </span>
    </p>
   </div>
   <div class='ocr_carea' id='block_1_5' title="bbox 261 325 1918 367">
    <p class='ocr_par' dir='ltr' id='par_1_5' title="bbox 261 325 1918 367">
     <span class='ocr_line' id='line_1_5' title="bbox 261 325 1918 367; baseline -0.002 -11"><span class='ocrx_word' id='word_1_55' title='bbox 261 332 375 367; x_wconf 75' lang='lat' dir='ltr'><strong>putavit.</strong></span> <span class='ocrx_word' id='word_1_56' title='bbox 396 332 429 359; x_wconf 84' lang='lat' dir='ltr'><strong>Et</strong></span> <span class='ocrx_word' id='word_1_57' title='bbox 446 333 492 367; x_wconf 79' lang='lat' dir='ltr'><strong>qui</strong></span> <span class='ocrx_word' id='word_1_58' title='bbox 508 332 535 359; x_wconf 85' lang='lat' dir='ltr'><strong>in</strong></span> <span class='ocrx_word' id='word_1_59' title='bbox 548 332 732 366; x_wconf 70' lang='lat' dir='ltr'><strong>superioribus</strong></span> <span class='ocrx_word' id='word_1_60' title='bbox 751 332 857 358; x_wconf 62' lang='lat' dir='ltr'><strong>dixem:</strong></span> <span class='ocrx_word' id='word_1_61' title='bbox 871 339 877 357; x_wconf 86' lang='grc'>;</span> <span class='ocrx_word' id='word_1_62' title='bbox 894 331 946 363; x_wconf 76' lang='lat' dir='ltr'><strong>Qui</strong></span> <span class='ocrx_word' id='word_1_63' title='bbox 963 336 1051 357; x_wconf 69' lang='lat' dir='ltr'><strong>autem</strong></span> <span class='ocrx_word' id='word_1_64' title='bbox 1101 326 1293 353; x_wconf 87' lang='lat' dir='ltr'><strong>cumcisionem</strong></span> <span class='ocrx_word' id='word_1_65' title='bbox 1311 331 1416 353; x_wconf 89' lang='lat' dir='ltr'><strong>certum</strong></span> <span class='ocrx_word' id='word_1_66' title='bbox 1441 330 1483 352; x_wconf 88' lang='lat' dir='ltr'><strong>est</strong></span> <span class='ocrx_word' id='word_1_67' title='bbox 1495 326 1606 352; x_wconf 83' lang='lat' dir='ltr'><strong>Patrum</strong></span> <span class='ocrx_word' id='word_1_68' title='bbox 1622 325 1840 360; x_wconf 83' lang='lat' dir='ltr'><strong>promissiones</strong></span> <span class='ocrx_word' id='word_1_69' title='bbox 1853 334 1918 353; x_wconf 75' lang='lat' dir='ltr'><strong>esse</strong></span> 
     </span>
    </p>
   </div>
   <div class='ocr_carea' id='block_1_6' title="bbox 262 371 1918 410">
    <p class='ocr_par' dir='ltr' id='par_1_6' title="bbox 262 371 1918 410">
     <span class='ocr_line' id='line_1_6' title="bbox 262 371 1918 410; baseline -0.005 -7"><span class='ocrx_word' id='word_1_70' title='bbox 262 376 414 409; x_wconf 81' lang='lat' dir='ltr'><strong>manducat,</strong></span> <span class='ocrx_word' id='word_1_71' title='bbox 427 385 479 403; x_wconf 89' lang='lat' dir='ltr'><strong>non</strong></span> <span class='ocrx_word' id='word_1_72' title='bbox 490 377 691 403; x_wconf 80' lang='lat' dir='ltr'><strong>manducantem</strong></span> <span class='ocrx_word' id='word_1_73' title='bbox 711 385 763 402; x_wconf 90' lang='lat' dir='ltr'><strong>non</strong></span> <span class='ocrx_word' id='word_1_74' title='bbox 771 376 885 410; x_wconf 84' lang='lat' dir='ltr'><strong>judicet,</strong></span> <span class='ocrx_word' id='word_1_75' title='bbox 898 375 969 402; x_wconf 85' lang='lat' dir='ltr'><strong>Deus</strong></span> <span class='ocrx_word' id='word_1_76' title='bbox 981 376 1051 401; x_wconf 88' lang='lat' dir='ltr'><strong>enim</strong></span> <span class='ocrx_word' id='word_1_77' title='bbox 1102 371 1258 405; x_wconf 73' lang='lat' dir='ltr'><strong>wmpletas.</strong></span> <span class='ocrx_word' id='word_1_78' title='bbox 1279 371 1393 406; x_wconf 85' lang='lat' dir='ltr'><strong>(.~lmbr.)</strong></span> <span class='ocrx_word' id='word_1_79' title='bbox 1415 371 1590 398; x_wconf 77' lang='lat' dir='ltr'><strong>Circumcisio</strong></span> <span class='ocrx_word' id='word_1_80' title='bbox 1615 371 1689 398; x_wconf 90' lang='lat' dir='ltr'><strong>enim</strong></span> <span class='ocrx_word' id='word_1_81' title='bbox 1717 371 1826 398; x_wconf 79' lang='lat' dir='ltr'><strong>carnis</strong></span> <span class='ocrx_word' id='word_1_82' title='bbox 1851 372 1918 398; x_wconf 65' lang='lat' dir='ltr'><strong>dan</strong></span> 
     </span>
    </p>
   </div>
   <div class='ocr_carea' id='block_1_7' title="bbox 261 415 1920 456">
    <p class='ocr_par' dir='ltr' id='par_1_7' title="bbox 261 415 1920 456">
     <span class='ocr_line' id='line_1_7' title="bbox 261 415 1920 456; baseline -0.002 -10"><span class='ocrx_word' id='word_1_83' title='bbox 261 420 337 447; x_wconf 86' lang='lat' dir='ltr'><strong>illum</strong></span> <span class='ocrx_word' id='word_1_84' title='bbox 353 422 506 456; x_wconf 76' lang='lat' dir='ltr'><strong>assumpsit,</strong></span> <span class='ocrx_word' id='word_1_85' title='bbox 518 422 562 448; x_wconf 90' lang='lat' dir='ltr'><strong>hic</strong></span> <span class='ocrx_word' id='word_1_86' title='bbox 572 421 649 453; x_wconf 77' lang='lat' dir='ltr'><strong>dixit,</strong></span> <span class='ocrx_word' id='word_1_87' title='bbox 662 421 724 455; x_wconf 85' lang='lat' dir='ltr'><strong>quia</strong></span> <span class='ocrx_word' id='word_1_88' title='bbox 737 420 857 447; x_wconf 76' lang='lat' dir='ltr'><strong>Christus</strong></span> <span class='ocrx_word' id='word_1_89' title='bbox 867 421 979 455; x_wconf 79' lang='lat' dir='ltr'><strong>suscepit</strong></span> <span class='ocrx_word' id='word_1_90' title='bbox 991 429 1050 452; x_wconf 85' lang='lat' dir='ltr'><strong>vos;</strong></span> <span class='ocrx_word' id='word_1_91' title='bbox 1101 422 1143 442; x_wconf 73' lang='grc' dir='ltr'><strong>εει</strong></span> <span class='ocrx_word' id='word_1_92' title='bbox 1158 416 1273 442; x_wconf 71' lang='grc' dir='ltr'><strong>Αιπὲιιιω</strong></span> <span class='ocrx_word' id='word_1_93' title='bbox 1293 416 1319 442; x_wconf 86' lang='lat' dir='ltr'><strong>ill</strong></span> <span class='ocrx_word' id='word_1_94' title='bbox 1335 415 1448 450; x_wconf 71' lang='lat' dir='ltr'><strong>ﬁguram</strong></span> <span class='ocrx_word' id='word_1_95' title='bbox 1470 415 1686 443; x_wconf 78' lang='lat' dir='ltr'><strong>circumciSionis</strong></span> <span class='ocrx_word' id='word_1_96' title='bbox 1710 416 1815 442; x_wconf 85' lang='lat' dir='ltr'><strong>cordis</strong></span> <span class='ocrx_word' id='word_1_97' title='bbox 1836 425 1844 441; x_wconf 77' lang='lat' dir='ltr'>z</span> <span class='ocrx_word' id='word_1_98' title='bbox 1863 418 1920 443; x_wconf 76' lang='lat' dir='ltr'><strong>cir-</strong></span> 
     </span>
    </p>
   </div>
   <div class='ocr_carea' id='block_1_8' title="bbox 262 464 1051 498">
    <p class='ocr_par' dir='ltr' id='par_1_8' title="bbox 262 464 1051 498">
     <span class='ocr_line' id='line_1_8' title="bbox 262 464 1051 498; baseline -0.003 -6"><span class='ocrx_word' id='word_1_99' title='bbox 262 469 293 492; x_wconf 89' lang='lat' dir='ltr'><strong>ut</strong></span> <span class='ocrx_word' id='word_1_100' title='bbox 305 465 462 492; x_wconf 80' lang='lat' dir='ltr'><strong>ostenderet</strong></span> <span class='ocrx_word' id='word_1_101' title='bbox 479 473 562 491; x_wconf 89' lang='lat' dir='ltr'><strong>unum</strong></span> <span class='ocrx_word' id='word_1_102' title='bbox 579 470 660 498; x_wconf 86' lang='lat' dir='ltr'><strong>atque</strong></span> <span class='ocrx_word' id='word_1_103' title='bbox 683 464 753 491; x_wconf 91' lang='lat' dir='ltr'><strong>idem</strong></span> <span class='ocrx_word' id='word_1_104' title='bbox 768 471 838 495; x_wconf 87' lang='lat' dir='ltr'><strong>esse,</strong></span> <span class='ocrx_word' id='word_1_105' title='bbox 854 471 869 490; x_wconf 88' lang='lat' dir='ltr'><strong>a</strong></span> <span class='ocrx_word' id='word_1_106' title='bbox 884 464 939 491; x_wconf 89' lang='lat' dir='ltr'><strong>Deo</strong></span> <span class='ocrx_word' id='word_1_107' title='bbox 951 464 1051 497; x_wconf 84' lang='lat' dir='ltr'><strong>suscipi</strong></span> 
     </span>
    </p>
   </div>
   <div class='ocr_carea' id='block_1_9' title="bbox 262 509 1052 543">
    <p class='ocr_par' dir='ltr' id='par_1_9' title="bbox 262 509 1052 543">
     <span class='ocr_line' id='line_1_9' title="bbox 262 509 1052 543; baseline -0.003 -6"><span class='ocrx_word' id='word_1_108' title='bbox 262 513 290 537; x_wconf 89' lang='lat' dir='ltr'><strong>et</strong></span> <span class='ocrx_word' id='word_1_109' title='bbox 307 517 322 536; x_wconf 93' lang='lat' dir='ltr'><strong>a</strong></span> <span class='ocrx_word' id='word_1_110' title='bbox 332 509 451 537; x_wconf 84' lang='lat' dir='ltr'><strong>Christo.</strong></span> <span class='ocrx_word' id='word_1_111' title='bbox 467 509 548 536; x_wconf 86' lang='lat' dir='ltr'><strong>Addit</strong></span> <span class='ocrx_word' id='word_1_112' title='bbox 560 514 648 537; x_wconf 85' lang='lat' dir='ltr'><strong>autem</strong></span> <span class='ocrx_word' id='word_1_113' title='bbox 664 514 691 536; x_wconf 90' lang='lat' dir='ltr'><strong>et</strong></span> <span class='ocrx_word' id='word_1_114' title='bbox 705 509 756 536; x_wconf 89' lang='lat' dir='ltr'><strong>hoc</strong></span> <span class='ocrx_word' id='word_1_115' title='bbox 771 509 841 543; x_wconf 88' lang='lat' dir='ltr'><strong>quod</strong></span> <span class='ocrx_word' id='word_1_116' title='bbox 856 509 943 536; x_wconf 91' lang='lat' dir='ltr'><strong>honor</strong></span> <span class='ocrx_word' id='word_1_117' title='bbox 956 509 1002 535; x_wconf 93' lang='lat' dir='ltr'><strong>Dei</strong></span> <span class='ocrx_word' id='word_1_118' title='bbox 1017 509 1052 536; x_wconf 88' lang='lat' dir='ltr'><strong>sit</strong></span> 
     </span>
    </p>
   </div>
   <div class='ocr_carea' id='block_1_10' title="bbox 262 552 1050 587">
    <p class='ocr_par' dir='ltr' id='par_1_10' title="bbox 262 552 1050 587">
     <span class='ocr_line' id='line_1_10' title="bbox 262 552 1050 587; baseline -0.003 -7"><span class='ocrx_word' id='word_1_119' title='bbox 262 553 363 587; x_wconf 81' lang='lat' dir='ltr'><strong>suscipi</strong></span> <span class='ocrx_word' id='word_1_120' title='bbox 391 560 406 580; x_wconf 88' lang='lat' dir='ltr'><strong>a</strong></span> <span class='ocrx_word' id='word_1_121' title='bbox 430 553 558 580; x_wconf 86' lang='lat' dir='ltr'><strong>Christo:</strong></span> <span class='ocrx_word' id='word_1_122' title='bbox 583 560 650 587; x_wconf 91' lang='lat' dir='ltr'><strong>quos</strong></span> <span class='ocrx_word' id='word_1_123' title='bbox 680 554 752 580; x_wconf 86' lang='lat' dir='ltr'><strong>enim</strong></span> <span class='ocrx_word' id='word_1_124' title='bbox 779 553 892 587; x_wconf 88' lang='lat' dir='ltr'><strong>suscipit</strong></span> <span class='ocrx_word' id='word_1_125' title='bbox 914 552 1050 585; x_wconf 81' lang='lat' dir='ltr'><strong>Christus,</strong></span> 
     </span>
    </p>
   </div>
   <div class='ocr_carea' id='block_1_11' title="bbox 263 597 1051 633">
    <p class='ocr_par' dir='ltr' id='par_1_11' title="bbox 263 597 1051 633">
     <span class='ocr_line' id='line_1_11' title="bbox 263 597 1051 633; baseline -0.003 -8"><span class='ocrx_word' id='word_1_126' title='bbox 263 597 343 625; x_wconf 88' lang='lat' dir='ltr'><strong>docet</strong></span> <span class='ocrx_word' id='word_1_127' title='bbox 357 598 392 625; x_wconf 88' lang='lat' dir='ltr'><strong>ita</strong></span> <span class='ocrx_word' id='word_1_128' title='bbox 416 605 496 633; x_wconf 85' lang='lat' dir='ltr'><strong>agerc</strong></span> <span class='ocrx_word' id='word_1_129' title='bbox 514 598 621 631; x_wconf 83' lang='lat' dir='ltr'><strong>debere,</strong></span> <span class='ocrx_word' id='word_1_130' title='bbox 646 603 674 625; x_wconf 89' lang='lat' dir='ltr'><strong>ut</strong></span> <span class='ocrx_word' id='word_1_131' title='bbox 700 599 811 625; x_wconf 81' lang='lat' dir='ltr'><strong>videntes</strong></span> <span class='ocrx_word' id='word_1_132' title='bbox 835 598 950 624; x_wconf 80' lang='lat' dir='ltr'><strong>Itmnincs</strong></span> <span class='ocrx_word' id='word_1_133' title='bbox 974 605 1051 631; x_wconf 84' lang='lat' dir='ltr'><strong>opera</strong></span> 
     </span>
    </p>
   </div>
   <div class='ocr_carea' id='block_1_12' title="bbox 262 641 1049 677">
    <p class='ocr_par' dir='ltr' id='par_1_12' title="bbox 262 641 1049 677">
     <span class='ocr_line' id='line_1_12' title="bbox 262 641 1049 677; baseline 0.001 -10"><span class='ocrx_word' id='word_1_134' title='bbox 262 649 352 668; x_wconf 79' lang='lat' dir='ltr'><strong>eorum</strong></span> <span class='ocrx_word' id='word_1_135' title='bbox 378 641 463 674; x_wconf 89' lang='lat' dir='ltr'><strong>bona,</strong></span> <span class='ocrx_word' id='word_1_136' title='bbox 485 642 630 677; x_wconf 83' lang='lat' dir='ltr'><strong>gloriﬁcent</strong></span> <span class='ocrx_word' id='word_1_137' title='bbox 654 641 762 669; x_wconf 79' lang='lat' dir='ltr'><strong>Patrem</strong></span> <span class='ocrx_word' id='word_1_138' title='bbox 785 643 829 677; x_wconf 85' lang='lat' dir='ltr'><strong>qui</strong></span> <span class='ocrx_word' id='word_1_139' title='bbox 854 642 881 668; x_wconf 85' lang='lat' dir='ltr'><strong>in</strong></span> <span class='ocrx_word' id='word_1_140' title='bbox 906 642 974 669; x_wconf 66' lang='lat' dir='ltr'><strong>caelis</strong></span> <span class='ocrx_word' id='word_1_141' title='bbox 1002 646 1049 669; x_wconf 81' lang='lat' dir='ltr'><strong>est.</strong></span> 
     </span>
    </p>
   </div>
   <div class='ocr_carea' id='block_1_13' title="bbox 263 685 1050 722">
    <p class='ocr_par' dir='ltr' id='par_1_13' title="bbox 263 685 1050 722">
     <span class='ocr_line' id='line_1_13' title="bbox 263 685 1050 722; baseline 0.003 -11"><span class='ocrx_word' id='word_1_142' title='bbox 263 685 377 721; x_wconf 81' lang='lat' dir='ltr'><strong>(Ambr.)</strong></span> <span class='ocrx_word' id='word_1_143' title='bbox 392 686 437 714; x_wconf 91' lang='lat' dir='ltr'><strong>Sic</strong></span> <span class='ocrx_word' id='word_1_144' title='bbox 451 687 583 722; x_wconf 85' lang='lat' dir='ltr'><strong>assumpti</strong></span> <span class='ocrx_word' id='word_1_145' title='bbox 597 694 689 714; x_wconf 88' lang='lat' dir='ltr'><strong>sumus</strong></span> <span class='ocrx_word' id='word_1_146' title='bbox 699 695 714 714; x_wconf 89' lang='lat' dir='ltr'><strong>a</strong></span> <span class='ocrx_word' id='word_1_147' title='bbox 726 687 845 718; x_wconf 80' lang='lat' dir='ltr'><strong>Christo,</strong></span> <span class='ocrx_word' id='word_1_148' title='bbox 857 687 919 714; x_wconf 89' lang='lat' dir='ltr'><strong>dum</strong></span> <span class='ocrx_word' id='word_1_149' title='bbox 936 687 1050 713; x_wconf 88' lang='lat' dir='ltr'><strong>inﬁrmi-</strong></span> 
     </span>
    </p>
   </div>
   <div class='ocr_carea' id='block_1_14' title="bbox 263 732 1050 767">
    <p class='ocr_par' dir='ltr' id='par_1_14' title="bbox 263 732 1050 767">
     <span class='ocr_line' id='line_1_14' title="bbox 263 732 1050 767; baseline 0.001 -10"><span class='ocrx_word' id='word_1_150' title='bbox 263 734 332 758; x_wconf 84' lang='lat' dir='ltr'><strong>tates</strong></span> <span class='ocrx_word' id='word_1_151' title='bbox 347 735 453 758; x_wconf 86' lang='lat' dir='ltr'><strong>noslras</strong></span> <span class='ocrx_word' id='word_1_152' title='bbox 471 732 585 766; x_wconf 88' lang='lat' dir='ltr'><strong>accepit,</strong></span> <span class='ocrx_word' id='word_1_153' title='bbox 601 736 628 759; x_wconf 90' lang='lat' dir='ltr'><strong>et</strong></span> <span class='ocrx_word' id='word_1_154' title='bbox 643 732 817 767; x_wconf 65' lang='lat' dir='ltr'><strong>aegritudines</strong></span> <span class='ocrx_word' id='word_1_155' title='bbox 835 736 943 759; x_wconf 81' lang='lat' dir='ltr'><strong>nostras</strong></span> <span class='ocrx_word' id='word_1_156' title='bbox 957 736 1050 766; x_wconf 86' lang='lat' dir='ltr'><strong>porta-</strong></span> 
     </span>
    </p>
   </div>
   <div class='ocr_carea' id='block_1_15' title="bbox 262 775 1051 812">
    <p class='ocr_par' dir='ltr' id='par_1_15' title="bbox 262 775 1051 812">
     <span class='ocr_line' id='line_1_15' title="bbox 262 775 1051 812; baseline 0.001 -10"><span class='ocrx_word' id='word_1_157' title='bbox 262 775 318 808; x_wconf 86' lang='lat' dir='ltr'><strong>vit;</strong></span> <span class='ocrx_word' id='word_1_158' title='bbox 332 780 362 803; x_wconf 91' lang='lat' dir='ltr'><strong>ut</strong></span> <span class='ocrx_word' id='word_1_159' title='bbox 376 776 427 803; x_wconf 88' lang='lat' dir='ltr'><strong>hoc</strong></span> <span class='ocrx_word' id='word_1_160' title='bbox 445 777 567 812; x_wconf 85' lang='lat' dir='ltr'><strong>exemplo</strong></span> <span class='ocrx_word' id='word_1_161' title='bbox 583 785 632 805; x_wconf 93' lang='lat' dir='ltr'><strong>nos</strong></span> <span class='ocrx_word' id='word_1_162' title='bbox 647 777 763 805; x_wconf 81' lang='lat' dir='ltr'><strong>invicem</strong></span> <span class='ocrx_word' id='word_1_163' title='bbox 782 782 890 804; x_wconf 85' lang='lat' dir='ltr'><strong>nostras</strong></span> <span class='ocrx_word' id='word_1_164' title='bbox 911 777 1051 803; x_wconf 81' lang='lat' dir='ltr'><strong>inﬁrmita—</strong></span> 
     </span>
    </p>
   </div>
   <div class='ocr_carea' id='block_1_16' title="bbox 263 822 1050 856">
    <p class='ocr_par' dir='ltr' id='par_1_16' title="bbox 263 822 1050 856">
     <span class='ocr_line' id='line_1_16' title="bbox 263 822 1050 856; baseline 0 -8"><span class='ocrx_word' id='word_1_165' title='bbox 263 825 304 849; x_wconf 87' lang='lat' dir='ltr'><strong>tes</strong></span> <span class='ocrx_word' id='word_1_166' title='bbox 317 829 366 856; x_wconf 89' lang='lat' dir='ltr'><strong>per</strong></span> <span class='ocrx_word' id='word_1_167' title='bbox 378 822 534 856; x_wconf 86' lang='lat' dir='ltr'><strong>patientiam</strong></span> <span class='ocrx_word' id='word_1_168' title='bbox 558 823 761 854; x_wconf 83' lang='lat' dir='ltr'><strong>conﬁrmemus,</strong></span> <span class='ocrx_word' id='word_1_169' title='bbox 775 826 804 849; x_wconf 90' lang='lat' dir='ltr'><strong>ut</strong></span> <span class='ocrx_word' id='word_1_170' title='bbox 820 830 916 849; x_wconf 84' lang='lat' dir='ltr'><strong>nomen</strong></span> <span class='ocrx_word' id='word_1_171' title='bbox 942 822 1050 849; x_wconf 84' lang='lat' dir='ltr'><strong>honoris</strong></span> 
     </span>
    </p>
   </div>
   <div class='ocr_carea' id='block_1_17' title="bbox 1102 461 1915 493">
    <p class='ocr_par' dir='ltr' id='par_1_17' title="bbox 1102 461 1915 493">
     <span class='ocr_line' id='line_1_17' title="bbox 1102 461 1915 493; baseline 0 -5"><span class='ocrx_word' id='word_1_172' title='bbox 1102 461 1230 488; x_wconf 88' lang='lat' dir='ltr'><strong>cumcisio</strong></span> <span class='ocrx_word' id='word_1_173' title='bbox 1248 465 1336 488; x_wconf 87' lang='lat' dir='ltr'><strong>autem</strong></span> <span class='ocrx_word' id='word_1_174' title='bbox 1360 462 1450 488; x_wconf 90' lang='lat' dir='ltr'><strong>cordis</strong></span> <span class='ocrx_word' id='word_1_175' title='bbox 1468 466 1521 493; x_wconf 89' lang='lat' dir='ltr'><strong>est,</strong></span> <span class='ocrx_word' id='word_1_176' title='bbox 1541 461 1646 488; x_wconf 83' lang='lat' dir='ltr'><strong>sublata</strong></span> <span class='ocrx_word' id='word_1_177' title='bbox 1669 462 1784 489; x_wconf 83' lang='lat' dir='ltr'><strong>erroris</strong></span> <span class='ocrx_word' id='word_1_178' title='bbox 1797 463 1915 493; x_wconf 78' lang='lat' dir='ltr'><strong>nebula,</strong></span> 
     </span>
    </p>
   </div>
   <div class='ocr_carea' id='block_1_18' title="bbox 1102 505 1916 541">
    <p class='ocr_par' dir='ltr' id='par_1_18' title="bbox 1102 505 1916 541">
     <span class='ocr_line' id='line_1_18' title="bbox 1102 505 1916 541; baseline -0.001 -8"><span class='ocrx_word' id='word_1_179' title='bbox 1102 513 1248 540; x_wconf 69' lang='lat' dir='ltr'><strong>agnoscam</strong></span> <span class='ocrx_word' id='word_1_180' title='bbox 1267 511 1419 533; x_wconf 89' lang='lat' dir='ltr'><strong>creatorem</strong></span> <span class='ocrx_word' id='word_1_181' title='bbox 1442 506 1527 533; x_wconf 87' lang='lat' dir='ltr'><strong>Deum</strong></span> <span class='ocrx_word' id='word_1_182' title='bbox 1542 505 1648 533; x_wconf 86' lang='lat' dir='ltr'><strong>Patrem</strong></span> <span class='ocrx_word' id='word_1_183' title='bbox 1667 510 1697 533; x_wconf 87' lang='lat' dir='ltr'><strong>et</strong></span> <span class='ocrx_word' id='word_1_184' title='bbox 1714 506 1831 533; x_wconf 86' lang='lat' dir='ltr'><strong>Filium</strong></span> <span class='ocrx_word' id='word_1_185' title='bbox 1857 508 1916 541; x_wconf 63' lang='lat' dir='ltr'><strong>ei“:</strong></span> 
     </span>
    </p>
   </div>
   <div class='ocr_carea' id='block_1_19' title="bbox 1102 550 1916 586">
    <p class='ocr_par' dir='ltr' id='par_1_19' title="bbox 1102 550 1916 586">
     <span class='ocr_line' id='line_1_19' title="bbox 1102 550 1916 586; baseline 0 -8"><span class='ocrx_word' id='word_1_186' title='bbox 1102 550 1251 583; x_wconf 85' lang='lat' dir='ltr'><strong>Christum,</strong></span> <span class='ocrx_word' id='word_1_187' title='bbox 1268 559 1316 586; x_wconf 88' lang='lat' dir='ltr'><strong>per</strong></span> <span class='ocrx_word' id='word_1_188' title='bbox 1339 558 1418 586; x_wconf 89' lang='lat' dir='ltr'><strong>quem</strong></span> <span class='ocrx_word' id='word_1_189' title='bbox 1442 551 1545 578; x_wconf 80' lang='lat' dir='ltr'><strong>creavit</strong></span> <span class='ocrx_word' id='word_1_190' title='bbox 1567 552 1669 583; x_wconf 85' lang='lat' dir='ltr'><strong>omnia,</strong></span> <span class='ocrx_word' id='word_1_191' title='bbox 1685 556 1717 578; x_wconf 85' lang='lat' dir='ltr'><strong>ut</strong></span> <span class='ocrx_word' id='word_1_192' title='bbox 1736 552 1857 578; x_wconf 78' lang='lat' dir='ltr'><strong>veritas</strong></span> <span class='ocrx_word' id='word_1_193' title='bbox 1872 552 1916 578; x_wconf 74' lang='lat' dir='ltr'><strong>Dei</strong></span> 
     </span>
    </p>
   </div>
   <div class='ocr_carea' id='block_1_20' title="bbox 1102 594 1915 628">
    <p class='ocr_par' dir='ltr' id='par_1_20' title="bbox 1102 594 1915 628">
     <span class='ocr_line' id='line_1_20' title="bbox 1102 594 1915 628; baseline 0.001 -7"><span class='ocrx_word' id='word_1_194' title='bbox 1102 594 1267 628; x_wconf 85' lang='lat' dir='ltr'><strong>impleretur.</strong></span> <span class='ocrx_word' id='word_1_195' title='bbox 1286 595 1449 622; x_wconf 89' lang='lat' dir='ltr'><strong>Promiserat</strong></span> <span class='ocrx_word' id='word_1_196' title='bbox 1463 595 1535 622; x_wconf 81' lang='lat' dir='ltr'><strong>enirn</strong></span> <span class='ocrx_word' id='word_1_197' title='bbox 1548 595 1676 622; x_wconf 87' lang='lat' dir='ltr'><strong>daturum</strong></span> <span class='ocrx_word' id='word_1_198' title='bbox 1692 603 1726 622; x_wconf 75' lang='lat' dir='ltr'><strong>se</strong></span> <span class='ocrx_word' id='word_1_199' title='bbox 1743 596 1915 623; x_wconf 74' lang='lat' dir='ltr'><strong>misericor—</strong></span> 
     </span>
    </p>
   </div>
   <div class='ocr_carea' id='block_1_21' title="bbox 1102 639 1914 674">
    <p class='ocr_par' dir='ltr' id='par_1_21' title="bbox 1102 639 1914 674">
     <span class='ocr_line' id='line_1_21' title="bbox 1102 639 1914 674; baseline 0.004 -9"><span class='ocrx_word' id='word_1_200' title='bbox 1102 639 1184 670; x_wconf 89' lang='lat' dir='ltr'><strong>diam,</strong></span> <span class='ocrx_word' id='word_1_201' title='bbox 1200 644 1228 666; x_wconf 90' lang='lat' dir='ltr'><strong>et</strong></span> <span class='ocrx_word' id='word_1_202' title='bbox 1241 640 1402 673; x_wconf 74' lang='lat' dir='ltr'><strong>promiserat</strong></span> <span class='ocrx_word' id='word_1_203' title='bbox 1414 640 1536 674; x_wconf 86' lang='lat' dir='ltr'><strong>patribus</strong></span> <span class='ocrx_word' id='word_1_204' title='bbox 1547 639 1722 673; x_wconf 59' lang='lat' dir='ltr'><strong>Iudaeorum;</strong></span> <span class='ocrx_word' id='word_1_205' title='bbox 1744 649 1819 667; x_wconf 84' lang='lat' dir='ltr'><strong>nam</strong></span> <span class='ocrx_word' id='word_1_206' title='bbox 1841 642 1914 668; x_wconf 73' lang='lat' dir='ltr'><strong>dixe-</strong></span> 
     </span>
    </p>
   </div>
   <div class='ocr_carea' id='block_1_22' title="bbox 1102 684 1913 720">
    <p class='ocr_par' dir='ltr' id='par_1_22' title="bbox 1102 684 1913 720">
     <span class='ocr_line' id='line_1_22' title="bbox 1102 684 1913 720; baseline 0.002 -10"><span class='ocrx_word' id='word_1_207' title='bbox 1102 688 1144 710; x_wconf 85' lang='lat' dir='ltr'><strong>rat</strong></span> <span class='ocrx_word' id='word_1_208' title='bbox 1155 684 1270 711; x_wconf 75' lang='lat' dir='ltr'><strong>Abralue</strong></span> <span class='ocrx_word' id='word_1_209' title='bbox 1283 693 1289 710; x_wconf 91' lang='lat'>:</span> <span class='ocrx_word' id='word_1_210' title='bbox 1302 684 1335 711; x_wconf 89' lang='lat' dir='ltr'><strong>In</strong></span> <span class='ocrx_word' id='word_1_211' title='bbox 1346 685 1442 711; x_wconf 84' lang='lat' dir='ltr'><strong>semine</strong></span> <span class='ocrx_word' id='word_1_212' title='bbox 1453 690 1496 711; x_wconf 88' lang='lat' dir='ltr'><strong>tuo</strong></span> <span class='ocrx_word' id='word_1_213' title='bbox 1508 685 1693 711; x_wconf 79' lang='lat' dir='ltr'><strong>benedicentur</strong></span> <span class='ocrx_word' id='word_1_214' title='bbox 1707 694 1813 712; x_wconf 78' lang='lat' dir='ltr'><strong>omnes</strong></span> <span class='ocrx_word' id='word_1_215' title='bbox 1826 693 1913 720; x_wconf 63' lang='lat' dir='ltr'><strong>gemes</strong></span> 
     </span>
    </p>
   </div>
   <div class='ocr_carea' id='block_1_23' title="bbox 1102 729 1915 766">
    <p class='ocr_par' dir='ltr' id='par_1_23' title="bbox 1102 729 1915 766">
     <span class='ocr_line' id='line_1_23' title="bbox 1102 729 1915 766; baseline 0.001 -9"><span class='ocrx_word' id='word_1_216' title='bbox 1102 729 1179 766; x_wconf 84' lang='lat' dir='ltr'><strong>(Gen.</strong></span> <span class='ocrx_word' id='word_1_217' title='bbox 1193 730 1279 766; x_wconf 78' lang='lat' dir='ltr'><strong>xxu);</strong></span> <span class='ocrx_word' id='word_1_218' title='bbox 1301 735 1328 758; x_wconf 91' lang='lat' dir='ltr'><strong>et</strong></span> <span class='ocrx_word' id='word_1_219' title='bbox 1342 731 1376 758; x_wconf 87' lang='lat' dir='ltr'><strong>ad</strong></span> <span class='ocrx_word' id='word_1_220' title='bbox 1390 731 1476 758; x_wconf 77' lang='lat' dir='ltr'><strong>David</strong></span> <span class='ocrx_word' id='word_1_221' title='bbox 1489 731 1573 759; x_wconf 84' lang='lat' dir='ltr'><strong>dixit:</strong></span> <span class='ocrx_word' id='word_1_222' title='bbox 1590 731 1628 758; x_wconf 87' lang='lat' dir='ltr'><strong>De</strong></span> <span class='ocrx_word' id='word_1_223' title='bbox 1641 731 1736 765; x_wconf 76' lang='lat' dir='ltr'><strong>fructu</strong></span> <span class='ocrx_word' id='word_1_224' title='bbox 1754 732 1867 759; x_wconf 71' lang='lat' dir='ltr'><strong>ventris</strong></span> <span class='ocrx_word' id='word_1_225' title='bbox 1880 738 1915 758; x_wconf 76' lang='lat' dir='ltr'><strong>tn</strong></span> 
     </span>
    </p>
   </div>
   <div class='ocr_carea' id='block_1_24' title="bbox 1100 777 1913 811">
    <p class='ocr_par' dir='ltr' id='par_1_24' title="bbox 1100 777 1913 811">
     <span class='ocr_line' id='line_1_24' title="bbox 1100 777 1913 811; baseline 0.002 -9"><span class='ocrx_word' id='word_1_226' title='bbox 1100 785 1195 811; x_wconf 86' lang='lat' dir='ltr'><strong>ponam</strong></span> <span class='ocrx_word' id='word_1_227' title='bbox 1210 785 1287 811; x_wconf 87' lang='lat' dir='ltr'><strong>super</strong></span> <span class='ocrx_word' id='word_1_228' title='bbox 1301 777 1387 804; x_wconf 80' lang='lat' dir='ltr'><strong>sedem</strong></span> <span class='ocrx_word' id='word_1_229' title='bbox 1413 782 1497 811; x_wconf 78' lang='lat' dir='ltr'><strong>tuam,</strong></span> <span class='ocrx_word' id='word_1_230' title='bbox 1512 778 1534 804; x_wconf 87' lang='lat' dir='ltr'><strong>si</strong></span> <span class='ocrx_word' id='word_1_231' title='bbox 1549 777 1722 804; x_wconf 80' lang='lat' dir='ltr'><strong>custodierint</strong></span> <span class='ocrx_word' id='word_1_232' title='bbox 1736 778 1795 811; x_wconf 76' lang='lat' dir='ltr'><strong>ﬁlii</strong></span> <span class='ocrx_word' id='word_1_233' title='bbox 1815 779 1862 804; x_wconf 68' lang='lat' dir='ltr'><strong>tui</strong></span> <span class='ocrx_word' id='word_1_234' title='bbox 1878 785 1913 804; x_wconf 78' lang='lat' dir='ltr'><strong>te-</strong></span> 
     </span>
    </p>
   </div>
   <div class='ocr_carea' id='block_1_25' title="bbox 1101 823 1914 858">
    <p class='ocr_par' dir='ltr' id='par_1_25' title="bbox 1101 823 1914 858">
     <span class='ocr_line' id='line_1_25' title="bbox 1101 823 1914 858; baseline 0 -10"><span class='ocrx_word' id='word_1_235' title='bbox 1101 826 1256 848; x_wconf 82' lang='lat' dir='ltr'><strong>stamentum</strong></span> <span class='ocrx_word' id='word_1_236' title='bbox 1268 830 1363 854; x_wconf 88' lang='lat' dir='ltr'><strong>meum,</strong></span> <span class='ocrx_word' id='word_1_237' title='bbox 1374 828 1397 849; x_wconf 83' lang='lat' dir='ltr'><strong>et</strong></span> <span class='ocrx_word' id='word_1_238' title='bbox 1412 823 1558 850; x_wconf 84' lang='lat' dir='ltr'><strong>testimonia</strong></span> <span class='ocrx_word' id='word_1_239' title='bbox 1569 830 1638 855; x_wconf 86' lang='lat' dir='ltr'><strong>mea,</strong></span> <span class='ocrx_word' id='word_1_240' title='bbox 1649 827 1679 850; x_wconf 85' lang='lat' dir='ltr'><strong>et.</strong></span> <span class='ocrx_word' id='word_1_241' title='bbox 1689 824 1806 858; x_wconf 82' lang='lat' dir='ltr'><strong>reliqua</strong></span> <span class='ocrx_word' id='word_1_242' title='bbox 1822 823 1914 858; x_wconf 68' lang='grc' dir='ltr'><strong>(Ρωι.</strong></span> 
     </span>
    </p>
   </div>
   <div class='ocr_carea' id='block_1_26' title="bbox 263 864 1914 903">
    <p class='ocr_par' dir='ltr' id='par_1_26' title="bbox 263 864 1914 903">
     <span class='ocr_line' id='line_1_26' title="bbox 263 864 1914 903; baseline 0.001 -11"><span class='ocrx_word' id='word_1_243' title='bbox 263 865 312 893; x_wconf 90' lang='lat' dir='ltr'><strong>Dei</strong></span> <span class='ocrx_word' id='word_1_244' title='bbox 325 870 490 902; x_wconf 83' lang='lat' dir='ltr'><strong>assumptum</strong></span> <span class='ocrx_word' id='word_1_245' title='bbox 505 868 532 894; x_wconf 93' lang='lat' dir='ltr'><strong>in</strong></span> <span class='ocrx_word' id='word_1_246' title='bbox 546 875 595 894; x_wconf 92' lang='lat' dir='ltr'><strong>nos</strong></span> <span class='ocrx_word' id='word_1_247' title='bbox 608 875 661 894; x_wconf 90' lang='lat' dir='ltr'><strong>non</strong></span> <span class='ocrx_word' id='word_1_248' title='bbox 675 871 820 894; x_wconf 85' lang='lat' dir='ltr'><strong>evaeuetur</strong></span> <span class='ocrx_word' id='word_1_249' title='bbox 835 875 841 894; x_wconf 90' lang='lat'>:</span> <span class='ocrx_word' id='word_1_250' title='bbox 859 867 906 893; x_wconf 90' lang='lat' dir='ltr'><strong>ﬁlii</strong></span> <span class='ocrx_word' id='word_1_251' title='bbox 925 867 995 893; x_wconf 89' lang='lat' dir='ltr'><strong>enim</strong></span> <span class='ocrx_word' id='word_1_252' title='bbox 1007 867 1048 893; x_wconf 88' lang='lat' dir='ltr'><strong>di-</strong></span> <span class='ocrx_word' id='word_1_253' title='bbox 1066 864 1087 893; x_wconf 86' lang='grc' dir='ltr'>Β</span> <span class='ocrx_word' id='word_1_254' title='bbox 1100 865 1209 900; x_wconf 78' lang='lat' dir='ltr'><strong>cxxxt);</strong></span> <span class='ocrx_word' id='word_1_255' title='bbox 1227 870 1270 893; x_wconf 85' lang='lat' dir='ltr'><strong>et:</strong></span> <span class='ocrx_word' id='word_1_256' title='bbox 1289 866 1395 893; x_wconf 82' lang='lat' dir='ltr'><strong>Orietur</strong></span> <span class='ocrx_word' id='word_1_257' title='bbox 1407 867 1482 894; x_wconf 87' lang='lat' dir='ltr'><strong>stella</strong></span> <span class='ocrx_word' id='word_1_258' title='bbox 1513 876 1546 894; x_wconf 73' lang='lat' dir='ltr'><strong>ea:</strong></span> <span class='ocrx_word' id='word_1_259' title='bbox 1567 867 1650 894; x_wconf 76' lang='lat' dir='ltr'><strong>Iacob</strong></span> <span class='ocrx_word' id='word_1_260' title='bbox 1678 868 1789 903; x_wconf 67' lang='lat' dir='ltr'><strong>(Nam.</strong></span> <span class='ocrx_word' id='word_1_261' title='bbox 1822 871 1914 902; x_wconf 68' lang='lat' dir='ltr'><strong>xxiv}.</strong></span> 
     </span>
    </p>
   </div>
   <div class='ocr_carea' id='block_1_27' title="bbox 262 911 737 947">
    <p class='ocr_par' dir='ltr' id='par_1_27' title="bbox 262 911 737 947">
     <span class='ocr_line' id='line_1_27' title="bbox 262 911 737 947; baseline 0.002 -9"><span class='ocrx_word' id='word_1_262' title='bbox 262 911 350 938; x_wconf 87' lang='lat' dir='ltr'><strong>cimur</strong></span> <span class='ocrx_word' id='word_1_263' title='bbox 361 911 416 939; x_wconf 90' lang='lat' dir='ltr'><strong>Deo</strong></span> <span class='ocrx_word' id='word_1_264' title='bbox 432 920 481 946; x_wconf 89' lang='lat' dir='ltr'><strong>per</strong></span> <span class='ocrx_word' id='word_1_265' title='bbox 494 913 608 947; x_wconf 86' lang='lat' dir='ltr'><strong>gratiam</strong></span> <span class='ocrx_word' id='word_1_266' title='bbox 626 912 737 939; x_wconf 87' lang='lat' dir='ltr'><strong>Christi.</strong></span> 
     </span>
    </p>
   </div>
   <div class='ocr_carea' id='block_1_28' title="bbox 299 955 1050 992">
    <p class='ocr_par' dir='ltr' id='par_1_28' title="bbox 299 955 1050 992">
     <span class='ocr_line' id='line_1_28' title="bbox 299 955 1050 992; baseline 0.001 -9"><span class='ocrx_word' id='word_1_267' title='bbox 299 955 364 983; x_wconf 83' lang='lat' dir='ltr'><strong>Dico</strong></span> <span class='ocrx_word' id='word_1_268' title='bbox 382 957 451 983; x_wconf 88' lang='lat' dir='ltr'><strong>enim</strong></span> <span class='ocrx_word' id='word_1_269' title='bbox 470 956 603 983; x_wconf 78' lang='lat' dir='ltr'><strong>Christum</strong></span> <span class='ocrx_word' id='word_1_270' title='bbox 618 956 709 984; x_wconf 78' lang='lat' dir='ltr'><strong>Iesum</strong></span> <span class='ocrx_word' id='word_1_271' title='bbox 732 958 878 984; x_wconf 86' lang='lat' dir='ltr'><strong>ministrum</strong></span> <span class='ocrx_word' id='word_1_272' title='bbox 900 958 980 992; x_wconf 79' lang='lat' dir='ltr'><strong>fuisse</strong></span> <span class='ocrx_word' id='word_1_273' title='bbox 999 958 1050 984; x_wconf 84' lang='lat' dir='ltr'><strong>cir-</strong></span> 
     </span>
    </p>
   </div>
   <div class='ocr_carea' id='block_1_29' title="bbox 263 999 1050 1037">
    <p class='ocr_par' dir='ltr' id='par_1_29' title="bbox 263 999 1050 1037">
     <span class='ocr_line' id='line_1_29' title="bbox 263 999 1050 1037; baseline 0.003 -10"><span class='ocrx_word' id='word_1_274' title='bbox 263 999 429 1028; x_wconf 71' lang='lat' dir='ltr'><strong>cuméisiom&#39;s</strong></span> <span class='ocrx_word' id='word_1_275' title='bbox 448 1007 552 1037; x_wconf 87' lang='lat' dir='ltr'><strong>propter</strong></span> <span class='ocrx_word' id='word_1_276' title='bbox 571 1001 708 1029; x_wconf 73' lang='lat' dir='ltr'><strong>&#39;t&#39;eritatem</strong></span> <span class='ocrx_word' id='word_1_277' title='bbox 729 1002 776 1030; x_wconf 81' lang='lat' dir='ltr'><strong>Dei</strong></span> <span class='ocrx_word' id='word_1_278' title='bbox 800 1003 834 1029; x_wconf 81' lang='lat' dir='ltr'><strong>ad</strong></span> <span class='ocrx_word' id='word_1_279' title='bbox 857 1003 1050 1037; x_wconf 77' lang='lat' dir='ltr'><strong>conﬁrmandos</strong></span> 
     </span>
    </p>
   </div>
   <div class='ocr_carea' id='block_1_30' title="bbox 262 1047 1050 1084">
    <p class='ocr_par' dir='ltr' id='par_1_30' title="bbox 262 1047 1050 1084">
     <span class='ocr_line' id='line_1_30' title="bbox 262 1047 1050 1084; baseline 0.001 -11"><span class='ocrx_word' id='word_1_280' title='bbox 262 1047 445 1081; x_wconf 83' lang='lat' dir='ltr'><strong>promissiones</strong></span> <span class='ocrx_word' id='word_1_281' title='bbox 459 1053 575 1082; x_wconf 85' lang='lat' dir='ltr'><strong>patrum.</strong></span> <span class='ocrx_word' id='word_1_282' title='bbox 599 1047 695 1084; x_wconf 65' lang='lat' dir='ltr'><strong>(Orig)</strong></span> <span class='ocrx_word' id='word_1_283' title='bbox 710 1048 848 1081; x_wconf 84' lang='lat' dir='ltr'><strong>Quomodo</strong></span> <span class='ocrx_word' id='word_1_284' title='bbox 862 1047 986 1075; x_wconf 83' lang='lat' dir='ltr'><strong>Christus</strong></span> <span class='ocrx_word' id='word_1_285' title='bbox 999 1047 1050 1074; x_wconf 84' lang='lat' dir='ltr'><strong>mi-</strong></span> 
     </span>
    </p>
   </div>
   <div class='ocr_carea' id='block_1_31' title="bbox 263 1091 1052 1128">
    <p class='ocr_par' dir='ltr' id='par_1_31' title="bbox 263 1091 1052 1128">
     <span class='ocr_line' id='line_1_31' title="bbox 263 1091 1052 1128; baseline 0.004 -10"><span class='ocrx_word' id='word_1_286' title='bbox 263 1091 350 1119; x_wconf 89' lang='lat' dir='ltr'><strong>nister</strong></span> <span class='ocrx_word' id='word_1_287' title='bbox 363 1091 445 1119; x_wconf 80' lang='lat' dir='ltr'><strong>fuerit</strong></span> <span class='ocrx_word' id='word_1_288' title='bbox 458 1093 675 1120; x_wconf 83' lang='lat' dir='ltr'><strong>circumcisionis</strong></span> <span class='ocrx_word' id='word_1_289' title='bbox 695 1094 729 1120; x_wconf 88' lang='lat' dir='ltr'><strong>ad</strong></span> <span class='ocrx_word' id='word_1_290' title='bbox 746 1094 922 1121; x_wconf 86' lang='lat' dir='ltr'><strong>stabiliendas</strong></span> <span class='ocrx_word' id='word_1_291' title='bbox 936 1094 1052 1128; x_wconf 85' lang='lat' dir='ltr'><strong>promis-</strong></span> 
     </span>
    </p>
   </div>
   <div class='ocr_carea' id='block_1_32' title="bbox 264 1137 1051 1174">
    <p class='ocr_par' dir='ltr' id='par_1_32' title="bbox 264 1137 1051 1174">
     <span class='ocr_line' id='line_1_32' title="bbox 264 1137 1051 1174; baseline 0.003 -10"><span class='ocrx_word' id='word_1_292' title='bbox 264 1137 354 1165; x_wconf 84' lang='lat' dir='ltr'><strong>siones</strong></span> <span class='ocrx_word' id='word_1_293' title='bbox 377 1143 485 1173; x_wconf 83' lang='lat' dir='ltr'><strong>patrum</strong></span> <span class='ocrx_word' id='word_1_294' title='bbox 509 1139 608 1173; x_wconf 89' lang='lat' dir='ltr'><strong>duplici</strong></span> <span class='ocrx_word' id='word_1_295' title='bbox 634 1140 712 1166; x_wconf 92' lang='lat' dir='ltr'><strong>modo</strong></span> <span class='ocrx_word' id='word_1_296' title='bbox 733 1139 846 1174; x_wconf 74' lang='lat' dir='ltr'><strong>intelligi</strong></span> <span class='ocrx_word' id='word_1_297' title='bbox 870 1143 977 1174; x_wconf 87' lang='lat' dir='ltr'><strong>potest:</strong></span> <span class='ocrx_word' id='word_1_298' title='bbox 995 1140 1051 1167; x_wconf 86' lang='lat' dir='ltr'><strong>sive</strong></span> 
     </span>
    </p>
   </div>
   <div class='ocr_carea' id='block_1_33' title="bbox 263 1183 1052 1220">
    <p class='ocr_par' dir='ltr' id='par_1_33' title="bbox 263 1183 1052 1220">
     <span class='ocr_line' id='line_1_33' title="bbox 263 1183 1052 1220; baseline 0.003 -11"><span class='ocrx_word' id='word_1_299' title='bbox 263 1189 313 1217; x_wconf 84' lang='lat' dir='ltr'><strong>pro</strong></span> <span class='ocrx_word' id='word_1_300' title='bbox 326 1189 358 1210; x_wconf 87' lang='lat' dir='ltr'><strong>eo</strong></span> <span class='ocrx_word' id='word_1_301' title='bbox 371 1183 442 1216; x_wconf 87' lang='lat' dir='ltr'><strong>quod</strong></span> <span class='ocrx_word' id='word_1_302' title='bbox 462 1184 696 1211; x_wconf 79' lang='lat' dir='ltr'><strong>circumcisioncm</strong></span> <span class='ocrx_word' id='word_1_303' title='bbox 716 1184 743 1211; x_wconf 90' lang='lat' dir='ltr'><strong>in</strong></span> <span class='ocrx_word' id='word_1_304' title='bbox 755 1191 838 1211; x_wconf 88' lang='lat' dir='ltr'><strong>carne</strong></span> <span class='ocrx_word' id='word_1_305' title='bbox 852 1192 900 1211; x_wconf 90' lang='lat' dir='ltr'><strong>sua</strong></span> <span class='ocrx_word' id='word_1_306' title='bbox 919 1185 975 1220; x_wconf 85' lang='lat' dir='ltr'><strong>ipse</strong></span> <span class='ocrx_word' id='word_1_307' title='bbox 993 1192 1052 1212; x_wconf 85' lang='lat' dir='ltr'><strong>sus-</strong></span> 
     </span>
    </p>
   </div>
   <div class='ocr_carea' id='block_1_34' title="bbox 264 1227 1052 1263">
    <p class='ocr_par' dir='ltr' id='par_1_34' title="bbox 264 1227 1052 1263">
     <span class='ocr_line' id='line_1_34' title="bbox 264 1227 1052 1263; baseline 0.004 -9"><span class='ocrx_word' id='word_1_308' title='bbox 264 1227 345 1261; x_wconf 85' lang='lat' dir='ltr'><strong>cepit,</strong></span> <span class='ocrx_word' id='word_1_309' title='bbox 371 1232 401 1254; x_wconf 94' lang='lat' dir='ltr'><strong>ut</strong></span> <span class='ocrx_word' id='word_1_310' title='bbox 428 1228 647 1257; x_wconf 80' lang='lat' dir='ltr'><strong>manifestissime</strong></span> <span class='ocrx_word' id='word_1_311' title='bbox 673 1234 832 1257; x_wconf 84' lang='lat' dir='ltr'><strong>nosceretur</strong></span> <span class='ocrx_word' id='word_1_312' title='bbox 863 1229 935 1263; x_wconf 89' lang='lat' dir='ltr'><strong>quod</strong></span> <span class='ocrx_word' id='word_1_313' title='bbox 957 1238 990 1257; x_wconf 88' lang='lat' dir='ltr'><strong>ex</strong></span> <span class='ocrx_word' id='word_1_314' title='bbox 1009 1237 1052 1257; x_wconf 84' lang='lat' dir='ltr'><strong>se-</strong></span> 
     </span>
    </p>
   </div>
   <div class='ocr_carea' id='block_1_35' title="bbox 265 1272 1052 1310">
    <p class='ocr_par' dir='ltr' id='par_1_35' title="bbox 265 1272 1052 1310">
     <span class='ocr_line' id='line_1_35' title="bbox 265 1272 1052 1310; baseline 0.004 -11"><span class='ocrx_word' id='word_1_315' title='bbox 265 1273 339 1300; x_wconf 89' lang='lat' dir='ltr'><strong>mine</strong></span> <span class='ocrx_word' id='word_1_316' title='bbox 351 1272 489 1301; x_wconf 81' lang='lat' dir='ltr'><strong>Abraham</strong></span> <span class='ocrx_word' id='word_1_317' title='bbox 511 1275 622 1302; x_wconf 81' lang='lat' dir='ltr'><strong>veniens</strong></span> <span class='ocrx_word' id='word_1_318' title='bbox 645 1276 688 1302; x_wconf 88' lang='lat' dir='ltr'><strong>cui</strong></span> <span class='ocrx_word' id='word_1_319' title='bbox 710 1276 872 1310; x_wconf 84' lang='lat' dir='ltr'><strong>promiserat</strong></span> <span class='ocrx_word' id='word_1_320' title='bbox 896 1276 967 1302; x_wconf 87' lang='lat' dir='ltr'><strong>Deus</strong></span> <span class='ocrx_word' id='word_1_321' title='bbox 980 1275 1052 1310; x_wconf 87' lang='lat' dir='ltr'><strong>quod</strong></span> 
     </span>
    </p>
   </div>
   <div class='ocr_carea' id='block_1_36' title="bbox 265 1316 1050 1356">
    <p class='ocr_par' dir='ltr' id='par_1_36' title="bbox 265 1316 1050 1356">
     <span class='ocr_line' id='line_1_36' title="bbox 265 1316 1050 1356; baseline 0.004 -12"><span class='ocrx_word' id='word_1_322' title='bbox 265 1316 293 1344; x_wconf 91' lang='lat' dir='ltr'><strong>in</strong></span> <span class='ocrx_word' id='word_1_323' title='bbox 311 1319 414 1346; x_wconf 89' lang='lat' dir='ltr'><strong>semine</strong></span> <span class='ocrx_word' id='word_1_324' title='bbox 437 1327 485 1346; x_wconf 90' lang='lat' dir='ltr'><strong>suo</strong></span> <span class='ocrx_word' id='word_1_325' title='bbox 500 1320 725 1348; x_wconf 87' lang='lat' dir='ltr'><strong>benedicerentur</strong></span> <span class='ocrx_word' id='word_1_326' title='bbox 748 1328 842 1348; x_wconf 85' lang='lat' dir='ltr'><strong>omnes</strong></span> <span class='ocrx_word' id='word_1_327' title='bbox 864 1325 956 1356; x_wconf 84' lang='lat' dir='ltr'><strong>gentes</strong></span> <span class='ocrx_word' id='word_1_328' title='bbox 974 1319 1050 1356; x_wconf 84' lang='lat' dir='ltr'><strong>(Gen.</strong></span> 
     </span>
    </p>
   </div>
   <div class='ocr_carea' id='block_1_37' title="bbox 264 1363 1052 1400">
    <p class='ocr_par' dir='ltr' id='par_1_37' title="bbox 264 1363 1052 1400">
     <span class='ocr_line' id='line_1_37' title="bbox 264 1363 1052 1400; baseline 0.005 -12"><span class='ocrx_word' id='word_1_329' title='bbox 264 1370 337 1395; x_wconf 80' lang='lat' dir='ltr'><strong>xxn;</strong></span> <span class='ocrx_word' id='word_1_330' title='bbox 354 1363 441 1398; x_wconf 78' lang='lat' dir='ltr'><strong>xxvx),</strong></span> <span class='ocrx_word' id='word_1_331' title='bbox 466 1364 611 1399; x_wconf 83' lang='lat' dir='ltr'><strong>compleret</strong></span> <span class='ocrx_word' id='word_1_332' title='bbox 640 1365 667 1392; x_wconf 88' lang='lat' dir='ltr'><strong>in</strong></span> <span class='ocrx_word' id='word_1_333' title='bbox 692 1366 836 1400; x_wconf 86' lang='lat' dir='ltr'><strong>semetipso</strong></span> <span class='ocrx_word' id='word_1_334' title='bbox 852 1373 911 1400; x_wconf 71' lang='lat' dir='ltr'><strong>quae</strong></span> <span class='ocrx_word' id='word_1_335' title='bbox 930 1365 1052 1400; x_wconf 84' lang='lat' dir='ltr'><strong>patribus</strong></span> 
     </span>
    </p>
   </div>
   <div class='ocr_carea' id='block_1_38' title="bbox 263 1408 1051 1446">
    <p class='ocr_par' dir='ltr' id='par_1_38' title="bbox 263 1408 1051 1446">
     <span class='ocr_line' id='line_1_38' title="bbox 263 1408 1051 1446; baseline 0.005 -12"><span class='ocrx_word' id='word_1_336' title='bbox 263 1408 372 1435; x_wconf 79' lang='lat' dir='ltr'><strong>fuerant</strong></span> <span class='ocrx_word' id='word_1_337' title='bbox 384 1410 546 1443; x_wconf 86' lang='lat' dir='ltr'><strong>repromissa</strong></span> <span class='ocrx_word' id='word_1_338' title='bbox 560 1419 566 1442; x_wconf 84' lang='lat'>;</span> <span class='ocrx_word' id='word_1_339' title='bbox 583 1415 611 1438; x_wconf 88' lang='lat' dir='ltr'><strong>et</strong></span> <span class='ocrx_word' id='word_1_340' title='bbox 626 1415 654 1437; x_wconf 91' lang='lat' dir='ltr'><strong>ut</strong></span> <span class='ocrx_word' id='word_1_341' title='bbox 668 1418 715 1445; x_wconf 89' lang='lat' dir='ltr'><strong>per</strong></span> <span class='ocrx_word' id='word_1_342' title='bbox 729 1411 780 1438; x_wconf 87' lang='lat' dir='ltr'><strong>hoc</strong></span> <span class='ocrx_word' id='word_1_343' title='bbox 794 1411 939 1439; x_wconf 90' lang='lat' dir='ltr'><strong>secundum</strong></span> <span class='ocrx_word' id='word_1_344' title='bbox 953 1418 1051 1446; x_wconf 90' lang='lat' dir='ltr'><strong>propo—</strong></span> 
     </span>
    </p>
   </div>
   <div class='ocr_carea' id='block_1_39' title="bbox 264 1453 1052 1490">
    <p class='ocr_par' dir='ltr' id='par_1_39' title="bbox 264 1453 1052 1490">
     <span class='ocr_line' id='line_1_39' title="bbox 264 1453 1052 1490; baseline 0.004 -11"><span class='ocrx_word' id='word_1_345' title='bbox 264 1453 346 1480; x_wconf 87' lang='lat' dir='ltr'><strong>situm</strong></span> <span class='ocrx_word' id='word_1_346' title='bbox 367 1454 447 1481; x_wconf 91' lang='lat' dir='ltr'><strong>totius</strong></span> <span class='ocrx_word' id='word_1_347' title='bbox 459 1454 584 1488; x_wconf 61' lang='lat' dir='ltr'><strong>Epistolas</strong></span> <span class='ocrx_word' id='word_1_348' title='bbox 598 1455 732 1488; x_wconf 87' lang='lat' dir='ltr'><strong>ordinem,</strong></span> <span class='ocrx_word' id='word_1_349' title='bbox 750 1463 803 1490; x_wconf 90' lang='lat' dir='ltr'><strong>quo</strong></span> <span class='ocrx_word' id='word_1_350' title='bbox 816 1463 887 1482; x_wconf 90' lang='lat' dir='ltr'><strong>nunc</strong></span> <span class='ocrx_word' id='word_1_351' title='bbox 902 1463 947 1482; x_wconf 87' lang='lat' dir='ltr'><strong>eos</strong></span> <span class='ocrx_word' id='word_1_352' title='bbox 959 1455 1004 1490; x_wconf 85' lang='lat' dir='ltr'><strong>qui</strong></span> <span class='ocrx_word' id='word_1_353' title='bbox 1019 1463 1052 1482; x_wconf 83' lang='lat' dir='ltr'><strong>ex</strong></span> 
     </span>
    </p>
   </div>
   <div class='ocr_carea' id='block_1_40' title="bbox 265 1498 1051 1536">
    <p class='ocr_par' dir='ltr' id='par_1_40' title="bbox 265 1498 1051 1536">
     <span class='ocr_line' id='line_1_40' title="bbox 265 1498 1051 1536; baseline 0.005 -12"><span class='ocrx_word' id='word_1_354' title='bbox 265 1498 471 1526; x_wconf 80' lang='lat' dir='ltr'><strong>circumcisione</strong></span> <span class='ocrx_word' id='word_1_355' title='bbox 494 1500 677 1533; x_wconf 87' lang='lat' dir='ltr'><strong>crediderunt,</strong></span> <span class='ocrx_word' id='word_1_356' title='bbox 702 1509 774 1528; x_wconf 87' lang='lat' dir='ltr'><strong>nunc</strong></span> <span class='ocrx_word' id='word_1_357' title='bbox 797 1502 878 1528; x_wconf 87' lang='lat' dir='ltr'><strong>etiam</strong></span> <span class='ocrx_word' id='word_1_358' title='bbox 896 1509 943 1528; x_wconf 89' lang='lat' dir='ltr'><strong>eos</strong></span> <span class='ocrx_word' id='word_1_359' title='bbox 957 1502 1002 1536; x_wconf 93' lang='lat' dir='ltr'><strong>qui</strong></span> <span class='ocrx_word' id='word_1_360' title='bbox 1018 1509 1051 1528; x_wconf 83' lang='lat' dir='ltr'><strong>ex</strong></span> 
     </span>
    </p>
   </div>
   <div class='ocr_carea' id='block_1_41' title="bbox 1135 909 1914 946">
    <p class='ocr_par' dir='ltr' id='par_1_41' title="bbox 1135 909 1914 946">
     <span class='ocr_line' id='line_1_41' title="bbox 1135 909 1914 946; baseline 0.003 -9"><span class='ocrx_word' id='word_1_361' title='bbox 1135 909 1228 937; x_wconf 81' lang='lat' dir='ltr'><strong>Gentes</strong></span> <span class='ocrx_word' id='word_1_362' title='bbox 1240 916 1326 938; x_wconf 85' lang='lat' dir='ltr'><strong>autem</strong></span> <span class='ocrx_word' id='word_1_363' title='bbox 1338 920 1417 946; x_wconf 80' lang='lat' dir='ltr'><strong>super</strong></span> <span class='ocrx_word' id='word_1_364' title='bbox 1428 912 1636 939; x_wconf 85' lang='lat' dir='ltr'><strong>misericordiam</strong></span> <span class='ocrx_word' id='word_1_365' title='bbox 1648 913 1794 939; x_wconf 83' lang='lat' dir='ltr'><strong>honorare</strong></span> <span class='ocrx_word' id='word_1_366' title='bbox 1810 913 1914 940; x_wconf 64' lang='lat' dir='ltr'><strong>Deum.</strong></span> 
     </span>
    </p>
   </div>
   <div class='ocr_carea' id='block_1_42' title="bbox 1101 954 1914 992">
    <p class='ocr_par' dir='ltr' id='par_1_42' title="bbox 1101 954 1914 992">
     <span class='ocr_line' id='line_1_42' title="bbox 1101 954 1914 992; baseline 0.004 -11"><span class='ocrx_word' id='word_1_367' title='bbox 1101 954 1217 989; x_wconf 79' lang='lat' dir='ltr'><strong>(Ambr.)</strong></span> <span class='ocrx_word' id='word_1_368' title='bbox 1233 955 1301 989; x_wconf 85' lang='lat' dir='ltr'><strong>Quia</strong></span> <span class='ocrx_word' id='word_1_369' title='bbox 1322 956 1394 983; x_wconf 89' lang='lat' dir='ltr'><strong>enim</strong></span> <span class='ocrx_word' id='word_1_370' title='bbox 1412 956 1454 983; x_wconf 91' lang='lat' dir='ltr'><strong>his</strong></span> <span class='ocrx_word' id='word_1_371' title='bbox 1474 957 1547 983; x_wconf 85' lang='lat' dir='ltr'><strong>nulla</strong></span> <span class='ocrx_word' id='word_1_372' title='bbox 1566 957 1714 990; x_wconf 83' lang='lat' dir='ltr'><strong>promissio</strong></span> <span class='ocrx_word' id='word_1_373' title='bbox 1734 962 1819 989; x_wconf 74' lang='lat' dir='ltr'><strong>erat,</strong></span> <span class='ocrx_word' id='word_1_374' title='bbox 1833 959 1914 992; x_wconf 64' lang='lat' dir='ltr'><strong>qusi</strong></span> 
     </span>
    </p>
   </div>
   <div class='ocr_carea' id='block_1_43' title="bbox 1101 999 1915 1037">
    <p class='ocr_par' dir='ltr' id='par_1_43' title="bbox 1101 999 1915 1037">
     <span class='ocr_line' id='line_1_43' title="bbox 1101 999 1915 1037; baseline 0.004 -11"><span class='ocrx_word' id='word_1_375' title='bbox 1101 999 1201 1035; x_wconf 82' lang='lat' dir='ltr'><strong>indigni</strong></span> <span class='ocrx_word' id='word_1_376' title='bbox 1220 1008 1268 1035; x_wconf 89' lang='lat' dir='ltr'><strong>per</strong></span> <span class='ocrx_word' id='word_1_377' title='bbox 1288 1001 1372 1028; x_wconf 81' lang='lat' dir='ltr'><strong>solam</strong></span> <span class='ocrx_word' id='word_1_378' title='bbox 1393 1001 1606 1028; x_wconf 83' lang='lat' dir='ltr'><strong>misericordiam</strong></span> <span class='ocrx_word' id='word_1_379' title='bbox 1629 1003 1774 1037; x_wconf 83' lang='lat' dir='ltr'><strong>assumpti</strong></span> <span class='ocrx_word' id='word_1_380' title='bbox 1799 1008 1869 1029; x_wconf 86' lang='lat' dir='ltr'><strong>sunt</strong></span> <span class='ocrx_word' id='word_1_381' title='bbox 1884 1004 1915 1029; x_wconf 66' lang='lat' dir='ltr'><strong>ait</strong></span> 
     </span>
    </p>
   </div>
   <div class='ocr_carea' id='block_1_44' title="bbox 1101 1044 1911 1082">
    <p class='ocr_par' dir='ltr' id='par_1_44' title="bbox 1101 1044 1911 1082">
     <span class='ocr_line' id='line_1_44' title="bbox 1101 1044 1911 1082; baseline 0.004 -12"><span class='ocrx_word' id='word_1_382' title='bbox 1101 1044 1224 1076; x_wconf 78' lang='lat' dir='ltr'><strong>salutem,</strong></span> <span class='ocrx_word' id='word_1_383' title='bbox 1240 1049 1268 1071; x_wconf 93' lang='lat' dir='ltr'><strong>ut</strong></span> <span class='ocrx_word' id='word_1_384' title='bbox 1282 1053 1328 1080; x_wconf 90' lang='lat' dir='ltr'><strong>per</strong></span> <span class='ocrx_word' id='word_1_385' title='bbox 1343 1046 1538 1073; x_wconf 78' lang='lat' dir='ltr'><strong>confessionem</strong></span> <span class='ocrx_word' id='word_1_386' title='bbox 1558 1046 1692 1073; x_wconf 84' lang='lat' dir='ltr'><strong>honorent</strong></span> <span class='ocrx_word' id='word_1_387' title='bbox 1708 1046 1822 1078; x_wconf 86' lang='lat' dir='ltr'><strong>Deum,</strong></span> <span class='ocrx_word' id='word_1_388' title='bbox 1833 1055 1911 1082; x_wconf 67' lang='lat' dir='ltr'><strong>quem</strong></span> 
     </span>
    </p>
   </div>
   <div class='ocr_carea' id='block_1_45' title="bbox 1101 1089 1419 1117">
    <p class='ocr_par' dir='ltr' id='par_1_45' title="bbox 1101 1089 1419 1117">
     <span class='ocr_line' id='line_1_45' title="bbox 1101 1089 1419 1117; baseline 0.003 -1"><span class='ocrx_word' id='word_1_389' title='bbox 1101 1089 1231 1116; x_wconf 71' lang='lat' dir='ltr'><strong>increduli</strong></span> <span class='ocrx_word' id='word_1_390' title='bbox 1246 1090 1419 1117; x_wconf 81' lang='lat' dir='ltr'><strong>inliouorant.</strong></span> 
     </span>
    </p>
   </div>
   <div class='ocr_carea' id='block_1_46' title="bbox 1137 1135 1912 1171">
    <p class='ocr_par' dir='ltr' id='par_1_46' title="bbox 1137 1135 1912 1171">
     <span class='ocr_line' id='line_1_46' title="bbox 1137 1135 1912 1171; baseline 0.001 -8"><span class='ocrx_word' id='word_1_391' title='bbox 1137 1135 1212 1163; x_wconf 87' lang='lat' dir='ltr'><strong>Sicut</strong></span> <span class='ocrx_word' id='word_1_392' title='bbox 1229 1137 1354 1171; x_wconf 85' lang='lat' dir='ltr'><strong>scriptum</strong></span> <span class='ocrx_word' id='word_1_393' title='bbox 1371 1141 1407 1164; x_wconf 86' lang='lat' dir='ltr'><strong>est</strong></span> <span class='ocrx_word' id='word_1_394' title='bbox 1424 1135 1559 1171; x_wconf 87' lang='lat' dir='ltr'><strong>:Propter</strong></span> <span class='ocrx_word' id='word_1_395' title='bbox 1577 1137 1626 1163; x_wconf 89' lang='lat' dir='ltr'><strong>hoc</strong></span> <span class='ocrx_word' id='word_1_396' title='bbox 1643 1138 1806 1171; x_wconf 80' lang='lat' dir='ltr'><strong>conﬁtebor</strong></span> <span class='ocrx_word' id='word_1_397' title='bbox 1824 1139 1875 1164; x_wconf 77' lang='lat' dir='ltr'><strong>tibi</strong></span> <span class='ocrx_word' id='word_1_398' title='bbox 1888 1140 1912 1164; x_wconf 76' lang='lat' dir='ltr'><strong>in</strong></span> 
     </span>
    </p>
   </div>
   <div class='ocr_carea' id='block_1_47' title="bbox 1100 1180 1908 1218">
    <p class='ocr_par' dir='ltr' id='par_1_47' title="bbox 1100 1180 1908 1218">
     <span class='ocr_line' id='line_1_47' title="bbox 1100 1180 1908 1218; baseline 0.004 -12"><span class='ocrx_word' id='word_1_399' title='bbox 1100 1180 1228 1214; x_wconf 79' lang='lat' dir='ltr'><strong>gentibus,</strong></span> <span class='ocrx_word' id='word_1_400' title='bbox 1252 1180 1373 1214; x_wconf 84' lang='lat' dir='ltr'><strong>Domine,</strong></span> <span class='ocrx_word' id='word_1_401' title='bbox 1398 1186 1421 1208; x_wconf 85' lang='lat' dir='ltr'><strong>ct</strong></span> <span class='ocrx_word' id='word_1_402' title='bbox 1447 1181 1546 1209; x_wconf 84' lang='lat' dir='ltr'><strong>nomini</strong></span> <span class='ocrx_word' id='word_1_403' title='bbox 1567 1186 1612 1208; x_wconf 89' lang='lat' dir='ltr'><strong>tuo</strong></span> <span class='ocrx_word' id='word_1_404' title='bbox 1630 1182 1762 1209; x_wconf 87' lang='lat' dir='ltr'><strong>cantabo-</strong></span> <span class='ocrx_word' id='word_1_405' title='bbox 1790 1183 1908 1218; x_wconf 64' lang='lat' dir='ltr'><strong>(Aﬂlbf.,</strong></span> 
     </span>
    </p>
   </div>
   <div class='ocr_carea' id='block_1_48' title="bbox 1102 1224 1910 1261">
    <p class='ocr_par' dir='ltr' id='par_1_48' title="bbox 1102 1224 1910 1261">
     <span class='ocr_line' id='line_1_48' title="bbox 1102 1224 1910 1261; baseline 0.002 -9"><span class='ocrx_word' id='word_1_406' title='bbox 1102 1224 1230 1259; x_wconf 78' lang='lat' dir='ltr'><strong>Exemplo</strong></span> <span class='ocrx_word' id='word_1_407' title='bbox 1252 1225 1409 1260; x_wconf 83' lang='lat' dir='ltr'><strong>prophetico</strong></span> <span class='ocrx_word' id='word_1_408' title='bbox 1432 1226 1547 1260; x_wconf 86' lang='lat' dir='ltr'><strong>probat;</strong></span> <span class='ocrx_word' id='word_1_409' title='bbox 1565 1226 1696 1261; x_wconf 86' lang='lat' dir='ltr'><strong>scriptum</strong></span> <span class='ocrx_word' id='word_1_410' title='bbox 1715 1232 1763 1253; x_wconf 87' lang='lat' dir='ltr'><strong>est</strong></span> <span class='ocrx_word' id='word_1_411' title='bbox 1782 1228 1863 1254; x_wconf 84' lang='lat' dir='ltr'><strong>enim</strong></span> <span class='ocrx_word' id='word_1_412' title='bbox 1886 1229 1910 1254; x_wconf 81' lang='lat' dir='ltr'><strong>in</strong></span> 
     </span>
    </p>
   </div>
   <div class='ocr_carea' id='block_1_49' title="bbox 1101 1270 1911 1306">
    <p class='ocr_par' dir='ltr' id='par_1_49' title="bbox 1101 1270 1911 1306">
     <span class='ocr_line' id='line_1_49' title="bbox 1101 1270 1911 1306; baseline 0.004 -10"><span class='ocrx_word' id='word_1_413' title='bbox 1101 1270 1206 1305; x_wconf 80' lang='lat' dir='ltr'><strong>psalmo</strong></span> <span class='ocrx_word' id='word_1_414' title='bbox 1232 1270 1337 1297; x_wconf 87' lang='lat' dir='ltr'><strong>decimo</strong></span> <span class='ocrx_word' id='word_1_415' title='bbox 1369 1270 1501 1304; x_wconf 81' lang='lat' dir='ltr'><strong>septimo,</strong></span> <span class='ocrx_word' id='word_1_416' title='bbox 1528 1275 1623 1306; x_wconf 86' lang='lat' dir='ltr'><strong>gentes</strong></span> <span class='ocrx_word' id='word_1_417' title='bbox 1650 1270 1854 1299; x_wconf 80' lang='lat' dir='ltr'><strong>admittendas</strong></span> <span class='ocrx_word' id='word_1_418' title='bbox 1880 1273 1911 1299; x_wconf 75' lang='lat' dir='ltr'><strong>ad</strong></span> 
     </span>
    </p>
   </div>
   <div class='ocr_carea' id='block_1_50' title="bbox 1102 1313 1909 1349">
    <p class='ocr_par' dir='ltr' id='par_1_50' title="bbox 1102 1313 1909 1349">
     <span class='ocr_line' id='line_1_50' title="bbox 1102 1313 1909 1349; baseline 0.006 -9"><span class='ocrx_word' id='word_1_419' title='bbox 1102 1314 1216 1349; x_wconf 77' lang='lat' dir='ltr'><strong>gratiam</strong></span> <span class='ocrx_word' id='word_1_420' title='bbox 1235 1314 1282 1341; x_wconf 86' lang='lat' dir='ltr'><strong>Dei</strong></span> <span class='ocrx_word' id='word_1_421' title='bbox 1302 1313 1335 1341; x_wconf 88' lang='lat' dir='ltr'><strong>ad</strong></span> <span class='ocrx_word' id='word_1_422' title='bbox 1355 1314 1558 1349; x_wconf 83' lang='lat' dir='ltr'><strong>percipiendam</strong></span> <span class='ocrx_word' id='word_1_423' title='bbox 1585 1315 1713 1342; x_wconf 83' lang='lat' dir='ltr'><strong>salutem.</strong></span> <span class='ocrx_word' id='word_1_424' title='bbox 1747 1316 1815 1344; x_wconf 64' lang='lat' dir='ltr'><strong>V’ox</strong></span> <span class='ocrx_word' id='word_1_425' title='bbox 1840 1318 1909 1344; x_wconf 67' lang='lat' dir='ltr'><strong>etaim</strong></span> 
     </span>
    </p>
   </div>
   <div class='ocr_carea' id='block_1_51' title="bbox 1102 1360 1909 1398">
    <p class='ocr_par' dir='ltr' id='par_1_51' title="bbox 1102 1360 1909 1398">
     <span class='ocr_line' id='line_1_51' title="bbox 1102 1360 1909 1398; baseline 0.004 -11"><span class='ocrx_word' id='word_1_426' title='bbox 1102 1360 1203 1387; x_wconf 88' lang='lat' dir='ltr'><strong>Christi</strong></span> <span class='ocrx_word' id='word_1_427' title='bbox 1226 1364 1279 1392; x_wconf 87' lang='lat' dir='ltr'><strong>est,</strong></span> <span class='ocrx_word' id='word_1_428' title='bbox 1304 1368 1358 1395; x_wconf 86' lang='lat' dir='ltr'><strong>qua</strong></span> <span class='ocrx_word' id='word_1_429' title='bbox 1384 1360 1506 1387; x_wconf 85' lang='lat' dir='ltr'><strong>futurum</strong></span> <span class='ocrx_word' id='word_1_430' title='bbox 1534 1360 1602 1388; x_wconf 70' lang='lat' dir='ltr'><strong>dixit</strong></span> <span class='ocrx_word' id='word_1_431' title='bbox 1624 1361 1698 1395; x_wconf 91' lang='lat' dir='ltr'><strong>quod</strong></span> <span class='ocrx_word' id='word_1_432' title='bbox 1724 1362 1756 1388; x_wconf 83' lang='lat' dir='ltr'><strong>in</strong></span> <span class='ocrx_word' id='word_1_433' title='bbox 1781 1363 1909 1398; x_wconf 76' lang='lat' dir='ltr'><strong>gentibus</strong></span> 
     </span>
    </p>
   </div>
   <div class='ocr_carea' id='block_1_52' title="bbox 1101 1403 1909 1439">
    <p class='ocr_par' dir='ltr' id='par_1_52' title="bbox 1101 1403 1909 1439">
     <span class='ocr_line' id='line_1_52' title="bbox 1101 1403 1909 1439; baseline 0.005 -8"><span class='ocrx_word' id='word_1_434' title='bbox 1101 1404 1256 1439; x_wconf 75' lang='lat' dir='ltr'><strong>pmdicatio</strong></span> <span class='ocrx_word' id='word_1_435' title='bbox 1272 1403 1330 1438; x_wconf 84' lang='lat' dir='ltr'><strong>ejus</strong></span> <span class='ocrx_word' id='word_1_436' title='bbox 1345 1404 1461 1432; x_wconf 83' lang='lat' dir='ltr'><strong>fructum</strong></span> <span class='ocrx_word' id='word_1_437' title='bbox 1478 1405 1603 1432; x_wconf 86' lang='lat' dir='ltr'><strong>habitura</strong></span> <span class='ocrx_word' id='word_1_438' title='bbox 1624 1410 1697 1433; x_wconf 85' lang='lat' dir='ltr'><strong>esset</strong></span> <span class='ocrx_word' id='word_1_439' title='bbox 1721 1407 1909 1435; x_wconf 66' lang='lat' dir='ltr'><strong>confessionis</strong></span> 
     </span>
    </p>
   </div>
   <div class='ocr_carea' id='block_1_53' title="bbox 1103 1449 1910 1487">
    <p class='ocr_par' dir='ltr' id='par_1_53' title="bbox 1103 1449 1910 1487">
     <span class='ocr_line' id='line_1_53' title="bbox 1103 1449 1910 1487; baseline 0.006 -11"><span class='ocrx_word' id='word_1_440' title='bbox 1103 1449 1265 1477; x_wconf 86' lang='lat' dir='ltr'><strong>sacramenti</strong></span> <span class='ocrx_word' id='word_1_441' title='bbox 1276 1450 1410 1477; x_wconf 88' lang='lat' dir='ltr'><strong>Dei:ideo</strong></span> <span class='ocrx_word' id='word_1_442' title='bbox 1424 1450 1525 1485; x_wconf 78' lang='lat' dir='ltr'><strong>gratias</strong></span> <span class='ocrx_word' id='word_1_443' title='bbox 1540 1458 1572 1478; x_wconf 89' lang='lat' dir='ltr'><strong>ex</strong></span> <span class='ocrx_word' id='word_1_444' title='bbox 1591 1451 1642 1479; x_wconf 86' lang='lat' dir='ltr'><strong>hoc</strong></span> <span class='ocrx_word' id='word_1_445' title='bbox 1655 1452 1713 1487; x_wconf 83' lang='lat' dir='ltr'><strong>agit</strong></span> <span class='ocrx_word' id='word_1_446' title='bbox 1732 1453 1826 1481; x_wconf 84' lang='lat' dir='ltr'><strong>Filius</strong></span> <span class='ocrx_word' id='word_1_447' title='bbox 1834 1454 1910 1481; x_wconf 80' lang='lat' dir='ltr'><strong>Patri</strong></span> 
     </span>
    </p>
   </div>
   <div class='ocr_carea' id='block_1_54' title="bbox 1103 1495 1908 1533">
    <p class='ocr_par' dir='ltr' id='par_1_54' title="bbox 1103 1495 1908 1533">
     <span class='ocr_line' id='line_1_54' title="bbox 1103 1495 1908 1533; baseline 0.005 -11"><span class='ocrx_word' id='word_1_448' title='bbox 1103 1495 1130 1522; x_wconf 90' lang='lat' dir='ltr'><strong>in</strong></span> <span class='ocrx_word' id='word_1_449' title='bbox 1136 1495 1316 1523; x_wconf 87' lang='lat' dir='ltr'><strong>obedientiam</strong></span> <span class='ocrx_word' id='word_1_450' title='bbox 1326 1496 1458 1531; x_wconf 86' lang='lat' dir='ltr'><strong>gentium.</strong></span> <span class='ocrx_word' id='word_1_451' title='bbox 1470 1495 1545 1524; x_wconf 89' lang='lat' dir='ltr'><strong>Unde</strong></span> <span class='ocrx_word' id='word_1_452' title='bbox 1556 1496 1583 1523; x_wconf 93' lang='lat' dir='ltr'><strong>in</strong></span> <span class='ocrx_word' id='word_1_453' title='bbox 1593 1496 1744 1532; x_wconf 76' lang='lat' dir='ltr'><strong>Evangelia</strong></span> <span class='ocrx_word' id='word_1_454' title='bbox 1754 1499 1810 1525; x_wconf 88' lang='lat' dir='ltr'><strong>ait:</strong></span> <span class='ocrx_word' id='word_1_455' title='bbox 1820 1499 1908 1533; x_wconf 68' lang='lat' dir='ltr'><strong>Conﬁ-</strong></span> 
     </span>
    </p>
   </div>
   <div class='ocr_carea' id='block_1_55' title="bbox 265 1534 1053 1581">
    <p class='ocr_par' dir='ltr' id='par_1_55' title="bbox 265 1543 1050 1581">
     <span class='ocr_line' id='line_1_55' title="bbox 265 1543 1050 1581; baseline 0.006 -13"><span class='ocrx_word' id='word_1_456' title='bbox 265 1543 391 1576; x_wconf 80' lang='lat' dir='ltr'><strong>gentibus</strong></span> <span class='ocrx_word' id='word_1_457' title='bbox 412 1545 553 1571; x_wconf 84' lang='lat' dir='ltr'><strong>adversum</strong></span> <span class='ocrx_word' id='word_1_458' title='bbox 577 1553 606 1572; x_wconf 85' lang='lat' dir='ltr'><strong>se</strong></span> <span class='ocrx_word' id='word_1_459' title='bbox 629 1546 743 1573; x_wconf 88' lang='lat' dir='ltr'><strong>invicem</strong></span> <span class='ocrx_word' id='word_1_460' title='bbox 763 1546 948 1581; x_wconf 85' lang='lat' dir='ltr'><strong>superbientes</strong></span> <span class='ocrx_word' id='word_1_461' title='bbox 962 1551 1050 1580; x_wconf 85' lang='lat' dir='ltr'><strong>erant,</strong></span> 
     </span>
    </p>
   </div>
   <div class='ocr_carea' id='block_1_56' title="bbox 1105 1534 1905 1581">
    <p class='ocr_par' dir='ltr' id='par_1_56' title="bbox 1105 1541 1905 1577">
     <span class='ocr_line' id='line_1_56' title="bbox 1105 1541 1905 1577; baseline 0.005 -10"><span class='ocrx_word' id='word_1_462' title='bbox 1105 1541 1175 1567; x_wconf 89' lang='lat' dir='ltr'><strong>tebor</strong></span> <span class='ocrx_word' id='word_1_463' title='bbox 1185 1541 1240 1573; x_wconf 84' lang='lat' dir='ltr'><strong>tibi,</strong></span> <span class='ocrx_word' id='word_1_464' title='bbox 1256 1541 1344 1573; x_wconf 87' lang='lat' dir='ltr'><strong>Pater,</strong></span> <span class='ocrx_word' id='word_1_465' title='bbox 1356 1541 1464 1568; x_wconf 85' lang='lat' dir='ltr'><strong>Domine</strong></span> <span class='ocrx_word' id='word_1_466' title='bbox 1475 1541 1531 1569; x_wconf 75' lang='lat' dir='ltr'><strong>cwli</strong></span> <span class='ocrx_word' id='word_1_467' title='bbox 1541 1547 1564 1568; x_wconf 88' lang='lat' dir='ltr'><strong>et</strong></span> <span class='ocrx_word' id='word_1_468' title='bbox 1576 1547 1664 1574; x_wconf 71' lang='lat' dir='ltr'><strong>terra’,</strong></span> <span class='ocrx_word' id='word_1_469' title='bbox 1676 1544 1722 1577; x_wconf 86' lang='lat' dir='ltr'><strong>qui</strong></span> <span class='ocrx_word' id='word_1_470' title='bbox 1740 1544 1905 1572; x_wconf 68' lang='lat' dir='ltr'><strong>abscondisti</strong></span> 
     </span>
    </p>
   </div>
   <div class='ocr_carea' id='block_1_57' title="bbox 266 1586 1051 1626">
    <p class='ocr_par' dir='ltr' id='par_1_57' title="bbox 266 1586 1051 1626">
     <span class='ocr_line' id='line_1_57' title="bbox 266 1586 1051 1626; baseline 0.006 -13"><span class='ocrx_word' id='word_1_471' title='bbox 266 1586 385 1614; x_wconf 81' lang='lat' dir='ltr'><strong>refrenat</strong></span> <span class='ocrx_word' id='word_1_472' title='bbox 411 1596 443 1616; x_wconf 89' lang='lat' dir='ltr'><strong>ac</strong></span> <span class='ocrx_word' id='word_1_473' title='bbox 460 1589 592 1623; x_wconf 88' lang='lat' dir='ltr'><strong>reprimit,</strong></span> <span class='ocrx_word' id='word_1_474' title='bbox 608 1590 718 1617; x_wconf 86' lang='lat' dir='ltr'><strong>doceret</strong></span> <span class='ocrx_word' id='word_1_475' title='bbox 735 1598 787 1617; x_wconf 89' lang='lat' dir='ltr'><strong>non</strong></span> <span class='ocrx_word' id='word_1_476' title='bbox 808 1599 867 1618; x_wconf 86' lang='lat' dir='ltr'><strong>esse</strong></span> <span class='ocrx_word' id='word_1_477' title='bbox 885 1592 993 1625; x_wconf 89' lang='lat' dir='ltr'><strong>penitus</strong></span> <span class='ocrx_word' id='word_1_478' title='bbox 1008 1592 1051 1626; x_wconf 84' lang='lat' dir='ltr'><strong>ju-</strong></span> 
     </span>
    </p>
   </div>
   <div class='ocr_carea' id='block_1_58' title="bbox 265 1633 1053 1669">
    <p class='ocr_par' dir='ltr' id='par_1_58' title="bbox 265 1633 1053 1669">
     <span class='ocr_line' id='line_1_58' title="bbox 265 1633 1053 1669; baseline 0.003 -9"><span class='ocrx_word' id='word_1_479' title='bbox 265 1633 397 1660; x_wconf 87' lang='lat' dir='ltr'><strong>dicandos</strong></span> <span class='ocrx_word' id='word_1_480' title='bbox 410 1641 466 1666; x_wconf 83' lang='lat' dir='ltr'><strong>eos,</strong></span> <span class='ocrx_word' id='word_1_481' title='bbox 479 1635 525 1668; x_wconf 88' lang='lat' dir='ltr'><strong>qui</strong></span> <span class='ocrx_word' id='word_1_482' title='bbox 542 1635 568 1661; x_wconf 91' lang='lat' dir='ltr'><strong>in</strong></span> <span class='ocrx_word' id='word_1_483' title='bbox 585 1634 651 1669; x_wconf 82' lang='lat' dir='ltr'><strong>legis</strong></span> <span class='ocrx_word' id='word_1_484' title='bbox 662 1635 896 1662; x_wconf 83' lang='lat' dir='ltr'><strong>observationibus</strong></span> <span class='ocrx_word' id='word_1_485' title='bbox 911 1635 1053 1662; x_wconf 83' lang='lat' dir='ltr'><strong>demoran-</strong></span> 
     </span>
    </p>
   </div>
   <div class='ocr_carea' id='block_1_59' title="bbox 266 1679 1053 1713">
    <p class='ocr_par' dir='ltr' id='par_1_59' title="bbox 266 1679 1053 1713">
     <span class='ocr_line' id='line_1_59' title="bbox 266 1679 1053 1713; baseline 0.004 -9"><span class='ocrx_word' id='word_1_486' title='bbox 266 1681 321 1710; x_wconf 85' lang='lat' dir='ltr'><strong>tur,</strong></span> <span class='ocrx_word' id='word_1_487' title='bbox 335 1679 552 1713; x_wconf 84' lang='lat' dir='ltr'><strong>quandoquidem</strong></span> <span class='ocrx_word' id='word_1_488' title='bbox 566 1680 647 1706; x_wconf 87' lang='lat' dir='ltr'><strong>etiam</strong></span> <span class='ocrx_word' id='word_1_489' title='bbox 661 1679 785 1707; x_wconf 87' lang='lat' dir='ltr'><strong>Christus</strong></span> <span class='ocrx_word' id='word_1_490' title='bbox 802 1680 830 1707; x_wconf 86' lang='lat' dir='ltr'><strong>in</strong></span> <span class='ocrx_word' id='word_1_491' title='bbox 845 1687 925 1707; x_wconf 81' lang='lat' dir='ltr'><strong>carne</strong></span> <span class='ocrx_word' id='word_1_492' title='bbox 938 1688 985 1707; x_wconf 86' lang='lat' dir='ltr'><strong>sua</strong></span> <span class='ocrx_word' id='word_1_493' title='bbox 1000 1681 1053 1707; x_wconf 88' lang='lat' dir='ltr'><strong>cir-</strong></span> 
     </span>
    </p>
   </div>
   <div class='ocr_carea' id='block_1_60' title="bbox 266 1724 1054 1761">
    <p class='ocr_par' dir='ltr' id='par_1_60' title="bbox 266 1724 1054 1761">
     <span class='ocr_line' id='line_1_60' title="bbox 266 1724 1054 1761; baseline 0.003 -10"><span class='ocrx_word' id='word_1_494' title='bbox 266 1724 440 1752; x_wconf 87' lang='lat' dir='ltr'><strong>cumcisionis</strong></span> <span class='ocrx_word' id='word_1_495' title='bbox 468 1725 594 1752; x_wconf 84' lang='lat' dir='ltr'><strong>minister</strong></span> <span class='ocrx_word' id='word_1_496' title='bbox 620 1725 769 1757; x_wconf 82' lang='lat' dir='ltr'><strong>exstiterit,</strong></span> <span class='ocrx_word' id='word_1_497' title='bbox 794 1730 821 1752; x_wconf 89' lang='lat' dir='ltr'><strong>et</strong></span> <span class='ocrx_word' id='word_1_498' title='bbox 848 1730 876 1752; x_wconf 92' lang='lat' dir='ltr'><strong>ut</strong></span> <span class='ocrx_word' id='word_1_499' title='bbox 904 1725 1054 1761; x_wconf 78' lang='lat' dir='ltr'><strong>intelligant</strong></span> 
     </span>
    </p>
   </div>
   <div class='ocr_carea' id='block_1_61' title="bbox 266 1769 1051 1804">
    <p class='ocr_par' dir='ltr' id='par_1_61' title="bbox 266 1769 1051 1804">
     <span class='ocr_line' id='line_1_61' title="bbox 266 1769 1051 1804; baseline 0.003 -9"><span class='ocrx_word' id='word_1_500' title='bbox 266 1772 361 1804; x_wconf 77' lang='lat' dir='ltr'><strong>gentes</strong></span> <span class='ocrx_word' id='word_1_501' title='bbox 371 1769 514 1796; x_wconf 89' lang='lat' dir='ltr'><strong>Dominum</strong></span> <span class='ocrx_word' id='word_1_502' title='bbox 529 1770 666 1797; x_wconf 84' lang='lat' dir='ltr'><strong>Christum</strong></span> <span class='ocrx_word' id='word_1_503' title='bbox 679 1770 712 1798; x_wconf 92' lang='lat' dir='ltr'><strong>ad</strong></span> <span class='ocrx_word' id='word_1_504' title='bbox 728 1769 834 1798; x_wconf 70' lang='lat' dir='ltr'><strong>Judzeos</strong></span> <span class='ocrx_word' id='word_1_505' title='bbox 849 1778 909 1798; x_wconf 89' lang='lat' dir='ltr'><strong>esse</strong></span> <span class='ocrx_word' id='word_1_506' title='bbox 928 1771 1051 1803; x_wconf 85' lang='lat' dir='ltr'><strong>missum,</strong></span> 
     </span>
    </p>
   </div>
   <div class='ocr_carea' id='block_1_62' title="bbox 266 1813 1053 1849">
    <p class='ocr_par' dir='ltr' id='par_1_62' title="bbox 266 1813 1053 1849">
     <span class='ocr_line' id='line_1_62' title="bbox 266 1813 1053 1849; baseline 0.003 -9"><span class='ocrx_word' id='word_1_507' title='bbox 266 1817 295 1840; x_wconf 90' lang='lat' dir='ltr'><strong>et</strong></span> <span class='ocrx_word' id='word_1_508' title='bbox 309 1820 363 1840; x_wconf 90' lang='lat' dir='ltr'><strong>non</strong></span> <span class='ocrx_word' id='word_1_509' title='bbox 377 1813 542 1848; x_wconf 83' lang='lat' dir='ltr'><strong>superbiant.</strong></span> <span class='ocrx_word' id='word_1_510' title='bbox 558 1814 636 1848; x_wconf 81' lang='lat' dir='ltr'><strong>(Aug.</strong></span> <span class='ocrx_word' id='word_1_511' title='bbox 664 1813 764 1841; x_wconf 77' lang='lat' dir='ltr'><strong>Judacis</strong></span> <span class='ocrx_word' id='word_1_512' title='bbox 779 1814 850 1841; x_wconf 90' lang='lat' dir='ltr'><strong>enim</strong></span> <span class='ocrx_word' id='word_1_513' title='bbox 864 1814 1053 1849; x_wconf 86' lang='lat' dir='ltr'><strong>repellentibus</strong></span> 
     </span>
    </p>
   </div>
   <div class='ocr_carea' id='block_1_63' title="bbox 266 1858 1054 1895">
    <p class='ocr_par' dir='ltr' id='par_1_63' title="bbox 266 1858 1054 1895">
     <span class='ocr_line' id='line_1_63' title="bbox 266 1858 1054 1895; baseline 0.004 -10"><span class='ocrx_word' id='word_1_514' title='bbox 266 1858 339 1892; x_wconf 91' lang='lat' dir='ltr'><strong>quod</strong></span> <span class='ocrx_word' id='word_1_515' title='bbox 358 1858 391 1885; x_wconf 88' lang='lat' dir='ltr'><strong>ad</strong></span> <span class='ocrx_word' id='word_1_516' title='bbox 409 1858 482 1893; x_wconf 89' lang='lat' dir='ltr'><strong>ipsos</strong></span> <span class='ocrx_word' id='word_1_517' title='bbox 499 1860 611 1886; x_wconf 90' lang='lat' dir='ltr'><strong>missum</strong></span> <span class='ocrx_word' id='word_1_518' title='bbox 628 1863 679 1892; x_wconf 84' lang='lat' dir='ltr'><strong>est,</strong></span> <span class='ocrx_word' id='word_1_519' title='bbox 707 1859 807 1887; x_wconf 85' lang='lat' dir='ltr'><strong>factum</strong></span> <span class='ocrx_word' id='word_1_520' title='bbox 824 1865 865 1887; x_wconf 86' lang='lat' dir='ltr'><strong>est</strong></span> <span class='ocrx_word' id='word_1_521' title='bbox 882 1864 912 1887; x_wconf 87' lang='lat' dir='ltr'><strong>ut</strong></span> <span class='ocrx_word' id='word_1_522' title='bbox 930 1861 1054 1895; x_wconf 84' lang='lat' dir='ltr'><strong>gentibus</strong></span> 
     </span>
    </p>
   </div>
   <div class='ocr_carea' id='block_1_64' title="bbox 266 1902 1055 1942">
    <p class='ocr_par' dir='ltr' id='par_1_64' title="bbox 266 1902 1055 1942">
     <span class='ocr_line' id='line_1_64' title="bbox 266 1902 1055 1942; baseline 0.005 -12"><span class='ocrx_word' id='word_1_523' title='bbox 266 1902 443 1938; x_wconf 85' lang='lat' dir='ltr'><strong>Evangelium</strong></span> <span class='ocrx_word' id='word_1_524' title='bbox 468 1905 668 1939; x_wconf 68' lang='lat' dir='ltr'><strong>praedicaretur,</strong></span> <span class='ocrx_word' id='word_1_525' title='bbox 686 1906 758 1940; x_wconf 91' lang='lat' dir='ltr'><strong>quod</strong></span> <span class='ocrx_word' id='word_1_526' title='bbox 776 1911 803 1933; x_wconf 89' lang='lat' dir='ltr'><strong>et</strong></span> <span class='ocrx_word' id='word_1_527' title='bbox 823 1907 849 1933; x_wconf 92' lang='lat' dir='ltr'><strong>in</strong></span> <span class='ocrx_word' id='word_1_528' title='bbox 863 1906 976 1934; x_wconf 87' lang='lat' dir='ltr'><strong>Actibus</strong></span> <span class='ocrx_word' id='word_1_529' title='bbox 990 1915 1055 1942; x_wconf 88' lang='lat' dir='ltr'><strong>apo-</strong></span> 
     </span>
    </p>
   </div>
   <div class='ocr_carea' id='block_1_65' title="bbox 267 1947 1054 1986">
    <p class='ocr_par' dir='ltr' id='par_1_65' title="bbox 267 1947 1054 1986">
     <span class='ocr_line' id='line_1_65' title="bbox 267 1947 1054 1986; baseline 0.005 -12"><span class='ocrx_word' id='word_1_530' title='bbox 267 1947 399 1975; x_wconf 86' lang='lat' dir='ltr'><strong>stolorum</strong></span> <span class='ocrx_word' id='word_1_531' title='bbox 425 1949 566 1977; x_wconf 80' lang='lat' dir='ltr'><strong>manifeste</strong></span> <span class='ocrx_word' id='word_1_532' title='bbox 589 1951 726 1983; x_wconf 82' lang='lat' dir='ltr'><strong>scribitur,</strong></span> <span class='ocrx_word' id='word_1_533' title='bbox 742 1959 804 1978; x_wconf 94' lang='lat' dir='ltr'><strong>cum</strong></span> <span class='ocrx_word' id='word_1_534' title='bbox 826 1952 920 1979; x_wconf 89' lang='lat' dir='ltr'><strong>dicunt</strong></span> <span class='ocrx_word' id='word_1_535' title='bbox 941 1952 1054 1986; x_wconf 80' lang='lat' dir='ltr'><strong>apostoli</strong></span> 
     </span>
    </p>
   </div>
   <div class='ocr_carea' id='block_1_66' title="bbox 266 1992 1053 2031">
    <p class='ocr_par' dir='ltr' id='par_1_66' title="bbox 266 1992 1053 2031">
     <span class='ocr_line' id='line_1_66' title="bbox 266 1992 1053 2031; baseline 0.006 -11"><span class='ocrx_word' id='word_1_536' title='bbox 266 1992 385 2021; x_wconf 61' lang='lat' dir='ltr'><strong>Iudaeis:</strong></span> <span class='ocrx_word' id='word_1_537' title='bbox 409 1994 487 2022; x_wconf 84' lang='lat' dir='ltr'><strong>Vobis</strong></span> <span class='ocrx_word' id='word_1_538' title='bbox 507 1996 620 2030; x_wconf 85' lang='lat' dir='ltr'><strong>primum</strong></span> <span class='ocrx_word' id='word_1_539' title='bbox 645 1997 759 2031; x_wconf 84' lang='lat' dir='ltr'><strong>oportuit</strong></span> <span class='ocrx_word' id='word_1_540' title='bbox 781 1998 921 2031; x_wconf 72' lang='lat' dir='ltr'><strong>pra&#39;dicari</strong></span> <span class='ocrx_word' id='word_1_541' title='bbox 938 1999 1053 2031; x_wconf 86' lang='lat' dir='ltr'><strong>verbum,</strong></span> 
     </span>
    </p>
   </div>
   <div class='ocr_carea' id='block_1_67' title="bbox 267 2039 1054 2077">
    <p class='ocr_par' dir='ltr' id='par_1_67' title="bbox 267 2039 1054 2077">
     <span class='ocr_line' id='line_1_67' title="bbox 267 2039 1054 2077; baseline 0.006 -11"><span class='ocrx_word' id='word_1_542' title='bbox 267 2039 314 2066; x_wconf 83' lang='lat' dir='ltr'><strong>sed</strong></span> <span class='ocrx_word' id='word_1_543' title='bbox 327 2041 450 2074; x_wconf 88' lang='lat' dir='ltr'><strong>quoniam</strong></span> <span class='ocrx_word' id='word_1_544' title='bbox 466 2041 585 2076; x_wconf 85' lang='lat' dir='ltr'><strong>indignos</strong></span> <span class='ocrx_word' id='word_1_545' title='bbox 596 2050 640 2069; x_wconf 83' lang='lat' dir='ltr'><strong>vos</strong></span> <span class='ocrx_word' id='word_1_546' title='bbox 647 2042 798 2077; x_wconf 79' lang='lat' dir='ltr'><strong>judicastis,</strong></span> <span class='ocrx_word' id='word_1_547' title='bbox 809 2052 866 2070; x_wconf 83' lang='lat' dir='ltr'><strong>ecce</strong></span> <span class='ocrx_word' id='word_1_548' title='bbox 883 2044 1054 2071; x_wconf 81' lang='lat' dir='ltr'><strong>convertimus</strong></span> 
     </span>
    </p>
   </div>
   <div class='ocr_carea' id='block_1_68' title="bbox 268 2085 1056 2124">
    <p class='ocr_par' dir='ltr' id='par_1_68' title="bbox 268 2085 1056 2124">
     <span class='ocr_line' id='line_1_68' title="bbox 268 2085 1056 2124; baseline 0.008 -13"><span class='ocrx_word' id='word_1_549' title='bbox 268 2093 315 2111; x_wconf 86' lang='lat' dir='ltr'><strong>nos</strong></span> <span class='ocrx_word' id='word_1_550' title='bbox 337 2085 371 2111; x_wconf 84' lang='lat' dir='ltr'><strong>ad</strong></span> <span class='ocrx_word' id='word_1_551' title='bbox 393 2091 480 2120; x_wconf 84' lang='lat' dir='ltr'><strong>gentes</strong></span> <span class='ocrx_word' id='word_1_552' title='bbox 500 2086 569 2121; x_wconf 78' lang='lat' dir='ltr'><strong>(Act.</strong></span> <span class='ocrx_word' id='word_1_553' title='bbox 587 2087 660 2123; x_wconf 76' lang='lat' dir='ltr'><strong>xui);</strong></span> <span class='ocrx_word' id='word_1_554' title='bbox 690 2089 838 2115; x_wconf 87' lang='lat' dir='ltr'><strong>sccundutn</strong></span> <span class='ocrx_word' id='word_1_555' title='bbox 860 2089 946 2124; x_wconf 89' lang='lat' dir='ltr'><strong>ipsum</strong></span> <span class='ocrx_word' id='word_1_556' title='bbox 973 2090 1056 2117; x_wconf 76' lang='lat' dir='ltr'><strong>etiarn</strong></span> 
     </span>
    </p>
   </div>
   <div class='ocr_carea' id='block_1_69' title="bbox 269 2130 1056 2165">
    <p class='ocr_par' dir='ltr' id='par_1_69' title="bbox 269 2130 1056 2165">
     <span class='ocr_line' id='line_1_69' title="bbox 269 2130 1056 2165; baseline 0.006 -8"><span class='ocrx_word' id='word_1_557' title='bbox 269 2130 376 2158; x_wconf 91' lang='lat' dir='ltr'><strong>Domini</strong></span> <span class='ocrx_word' id='word_1_558' title='bbox 399 2132 595 2165; x_wconf 87' lang='lat' dir='ltr'><strong>testimonium,</strong></span> <span class='ocrx_word' id='word_1_559' title='bbox 621 2142 682 2161; x_wconf 91' lang='lat' dir='ltr'><strong>cum</strong></span> <span class='ocrx_word' id='word_1_560' title='bbox 698 2134 781 2161; x_wconf 76' lang='lat' dir='ltr'><strong>dicit:</strong></span> <span class='ocrx_word' id='word_1_561' title='bbox 797 2134 857 2161; x_wconf 85' lang='lat' dir='ltr'><strong>Non</strong></span> <span class='ocrx_word' id='word_1_562' title='bbox 880 2143 938 2161; x_wconf 88' lang='lat' dir='ltr'><strong>sum</strong></span> <span class='ocrx_word' id='word_1_563' title='bbox 961 2136 1056 2162; x_wconf 87' lang='lat' dir='ltr'><strong>missus</strong></span> 
     </span>
    </p>
   </div>
   <div class='ocr_carea' id='block_1_70' title="bbox 269 2176 1053 2216">
    <p class='ocr_par' dir='ltr' id='par_1_70' title="bbox 269 2176 1053 2216">
     <span class='ocr_line' id='line_1_70' title="bbox 269 2176 1053 2216; baseline 0.008 -15"><span class='ocrx_word' id='word_1_564' title='bbox 269 2176 320 2202; x_wconf 85' lang='lat' dir='ltr'><strong>nisi</strong></span> <span class='ocrx_word' id='word_1_565' title='bbox 335 2176 369 2202; x_wconf 82' lang='lat' dir='ltr'><strong>ad</strong></span> <span class='ocrx_word' id='word_1_566' title='bbox 380 2184 438 2203; x_wconf 82' lang='lat' dir='ltr'><strong>oves</strong></span> <span class='ocrx_word' id='word_1_567' title='bbox 460 2185 519 2211; x_wconf 74' lang='lat' dir='ltr'><strong>qua-</strong></span> <span class='ocrx_word' id='word_1_568' title='bbox 528 2179 659 2212; x_wconf 82' lang='lat' dir='ltr'><strong>perierunt</strong></span> <span class='ocrx_word' id='word_1_569' title='bbox 672 2180 765 2206; x_wconf 85' lang='lat' dir='ltr'><strong>donms</strong></span> <span class='ocrx_word' id='word_1_570' title='bbox 774 2179 858 2206; x_wconf 82' lang='lat' dir='ltr'><strong>Israel</strong></span> <span class='ocrx_word' id='word_1_571' title='bbox 871 2179 977 2214; x_wconf 80' lang='lat' dir='ltr'><strong>(Matth.</strong></span> <span class='ocrx_word' id='word_1_572' title='bbox 992 2180 1053 2216; x_wconf 79' lang='lat' dir='ltr'><strong>xv);</strong></span> 
     </span>
    </p>
   </div>
   <div class='ocr_carea' id='block_1_71' title="bbox 269 2221 1055 2260">
    <p class='ocr_par' dir='ltr' id='par_1_71' title="bbox 269 2221 1055 2260">
     <span class='ocr_line' id='line_1_71' title="bbox 269 2221 1055 2260; baseline 0.009 -14"><span class='ocrx_word' id='word_1_573' title='bbox 269 2225 298 2247; x_wconf 89' lang='lat' dir='ltr'><strong>et</strong></span> <span class='ocrx_word' id='word_1_574' title='bbox 310 2221 408 2247; x_wconf 87' lang='lat' dir='ltr'><strong>iterum</strong></span> <span class='ocrx_word' id='word_1_575' title='bbox 421 2229 427 2247; x_wconf 93' lang='lat'>:</span> <span class='ocrx_word' id='word_1_576' title='bbox 441 2221 503 2248; x_wconf 84' lang='lat' dir='ltr'><strong>Non</strong></span> <span class='ocrx_word' id='word_1_577' title='bbox 517 2228 553 2249; x_wconf 89' lang='lat' dir='ltr'><strong>est</strong></span> <span class='ocrx_word' id='word_1_578' title='bbox 567 2223 661 2250; x_wconf 85' lang='lat' dir='ltr'><strong>bonum</strong></span> <span class='ocrx_word' id='word_1_579' title='bbox 674 2232 775 2252; x_wconf 82' lang='lat' dir='ltr'><strong>sumere</strong></span> <span class='ocrx_word' id='word_1_580' title='bbox 786 2233 879 2259; x_wconf 84' lang='lat' dir='ltr'><strong>panem</strong></span> <span class='ocrx_word' id='word_1_581' title='bbox 893 2226 1018 2260; x_wconf 85' lang='lat' dir='ltr'><strong>ﬁliorum,</strong></span> <span class='ocrx_word' id='word_1_582' title='bbox 1032 2232 1055 2254; x_wconf 84' lang='lat' dir='ltr'><strong>et</strong></span> 
     </span>
    </p>
   </div>
   <div class='ocr_carea' id='block_1_72' title="bbox 269 2266 1057 2305">
    <p class='ocr_par' dir='ltr' id='par_1_72' title="bbox 269 2266 1057 2305">
     <span class='ocr_line' id='line_1_72' title="bbox 269 2266 1057 2305; baseline 0.009 -13"><span class='ocrx_word' id='word_1_583' title='bbox 269 2266 371 2293; x_wconf 83' lang='lat' dir='ltr'><strong>mittere</strong></span> <span class='ocrx_word' id='word_1_584' title='bbox 383 2267 490 2294; x_wconf 85' lang='lat' dir='ltr'><strong>canibus</strong></span> <span class='ocrx_word' id='word_1_585' title='bbox 503 2267 608 2304; x_wconf 57' lang='grc' dir='ltr'><strong>(Μήτι).</strong></span> <span class='ocrx_word' id='word_1_586' title='bbox 634 2269 709 2302; x_wconf 87' lang='lat' dir='ltr'><strong>Quod</strong></span> <span class='ocrx_word' id='word_1_587' title='bbox 723 2274 826 2305; x_wconf 79' lang='lat' dir='ltr'><strong>gentes,</strong></span> <span class='ocrx_word' id='word_1_588' title='bbox 850 2271 871 2298; x_wconf 90' lang='lat' dir='ltr'><strong>si</strong></span> <span class='ocrx_word' id='word_1_589' title='bbox 886 2271 953 2298; x_wconf 89' lang='lat' dir='ltr'><strong>bene</strong></span> <span class='ocrx_word' id='word_1_590' title='bbox 968 2272 1057 2299; x_wconf 86' lang='lat' dir='ltr'><strong>consi-</strong></span> 
     </span>
    </p>
   </div>
   <div class='ocr_carea' id='block_1_73' title="bbox 270 2311 1055 2350">
    <p class='ocr_par' dir='ltr' id='par_1_73' title="bbox 270 2311 1055 2350">
     <span class='ocr_line' id='line_1_73' title="bbox 270 2311 1055 2350; baseline 0.006 -12"><span class='ocrx_word' id='word_1_591' title='bbox 270 2311 377 2344; x_wconf 86' lang='lat' dir='ltr'><strong>derent,</strong></span> <span class='ocrx_word' id='word_1_592' title='bbox 392 2312 541 2346; x_wconf 80' lang='lat' dir='ltr'><strong>intelligent</strong></span> <span class='ocrx_word' id='word_1_593' title='bbox 560 2314 610 2340; x_wconf 86' lang='lat' dir='ltr'><strong>ista</strong></span> <span class='ocrx_word' id='word_1_594' title='bbox 627 2315 690 2346; x_wconf 87' lang='lat' dir='ltr'><strong>ﬁde,</strong></span> <span class='ocrx_word' id='word_1_595' title='bbox 704 2323 756 2350; x_wconf 81' lang='lat' dir='ltr'><strong>qua</strong></span> <span class='ocrx_word' id='word_1_596' title='bbox 769 2315 825 2350; x_wconf 81' lang='lat' dir='ltr'><strong>jam</strong></span> <span class='ocrx_word' id='word_1_597' title='bbox 840 2316 952 2342; x_wconf 88' lang='lat' dir='ltr'><strong>credunt</strong></span> <span class='ocrx_word' id='word_1_598' title='bbox 966 2316 1055 2343; x_wconf 92' lang='lat' dir='ltr'><strong>omnia</strong></span> 
     </span>
    </p>
   </div>
   <div class='ocr_carea' id='block_1_74' title="bbox 269 2356 1056 2395">
    <p class='ocr_par' dir='ltr' id='par_1_74' title="bbox 269 2356 1056 2395">
     <span class='ocr_line' id='line_1_74' title="bbox 269 2356 1056 2395; baseline 0.008 -13"><span class='ocrx_word' id='word_1_599' title='bbox 269 2356 371 2383; x_wconf 89' lang='lat' dir='ltr'><strong>munda</strong></span> <span class='ocrx_word' id='word_1_600' title='bbox 385 2357 503 2389; x_wconf 89' lang='lat' dir='ltr'><strong>mundis,</strong></span> <span class='ocrx_word' id='word_1_601' title='bbox 519 2365 572 2384; x_wconf 93' lang='lat' dir='ltr'><strong>non</strong></span> <span class='ocrx_word' id='word_1_602' title='bbox 591 2366 620 2385; x_wconf 88' lang='lat' dir='ltr'><strong>se</strong></span> <span class='ocrx_word' id='word_1_603' title='bbox 634 2359 731 2387; x_wconf 88' lang='lat' dir='ltr'><strong>debere</strong></span> <span class='ocrx_word' id='word_1_604' title='bbox 755 2360 885 2387; x_wconf 87' lang='lat' dir='ltr'><strong>insultare</strong></span> <span class='ocrx_word' id='word_1_605' title='bbox 903 2360 956 2393; x_wconf 88' lang='lat' dir='ltr'><strong>his,</strong></span> <span class='ocrx_word' id='word_1_606' title='bbox 973 2361 996 2388; x_wconf 88' lang='lat' dir='ltr'><strong>si</strong></span> <span class='ocrx_word' id='word_1_607' title='bbox 1010 2362 1056 2395; x_wconf 86' lang='lat' dir='ltr'><strong>qui</strong></span> 
     </span>
    </p>
   </div>
   <div class='ocr_carea' id='block_1_75' title="bbox 269 2398 1058 2441">
    <p class='ocr_par' dir='ltr' id='par_1_75' title="bbox 269 2398 1058 2441">
     <span class='ocr_line' id='line_1_75' title="bbox 269 2398 1058 2441; baseline 0.01 -15"><span class='ocrx_word' id='word_1_608' title='bbox 269 2398 340 2427; x_wconf 76' lang='lat' dir='ltr'><strong>forte</strong></span> <span class='ocrx_word' id='word_1_609' title='bbox 363 2400 464 2428; x_wconf 93' lang='lat' dir='ltr'><strong>inﬁrmi</strong></span> <span class='ocrx_word' id='word_1_610' title='bbox 484 2410 517 2429; x_wconf 75' lang='lat' dir='ltr'><strong>ex</strong></span> <span class='ocrx_word' id='word_1_611' title='bbox 536 2403 744 2432; x_wconf 88' lang='lat' dir='ltr'><strong>circumcisione</strong></span> <span class='ocrx_word' id='word_1_612' title='bbox 766 2405 867 2433; x_wconf 79' lang='lat' dir='ltr'><strong>fuerint</strong></span> <span class='ocrx_word' id='word_1_613' title='bbox 884 2406 929 2440; x_wconf 93' lang='lat' dir='ltr'><strong>qui</strong></span> <span class='ocrx_word' id='word_1_614' title='bbox 949 2411 1058 2441; x_wconf 85' lang='lat' dir='ltr'><strong>propter</strong></span> 
     </span>
    </p>
   </div>
   <div class='ocr_carea' id='block_1_76' title="bbox 270 2447 1059 2480">
    <p class='ocr_par' dir='ltr' id='par_1_76' title="bbox 270 2447 1059 2480">
     <span class='ocr_line' id='line_1_76' title="bbox 270 2447 1059 2480; baseline 0.009 -7"><span class='ocrx_word' id='word_1_615' title='bbox 270 2447 543 2476; x_wconf 87' lang='lat' dir='ltr'><strong>communicationem</strong></span> <span class='ocrx_word' id='word_1_616' title='bbox 565 2450 695 2477; x_wconf 89' lang='lat' dir='ltr'><strong>idolorum</strong></span> <span class='ocrx_word' id='word_1_617' title='bbox 711 2451 798 2479; x_wconf 89' lang='lat' dir='ltr'><strong>nullas</strong></span> <span class='ocrx_word' id='word_1_618' title='bbox 815 2452 925 2480; x_wconf 89' lang='lat' dir='ltr'><strong>omnino</strong></span> <span class='ocrx_word' id='word_1_619' title='bbox 941 2453 1059 2480; x_wconf 85' lang='lat' dir='ltr'><strong>audeant</strong></span> 
     </span>
    </p>
   </div>
   <div class='ocr_carea' id='block_1_77' title="bbox 270 2492 1059 2530">
    <p class='ocr_par' dir='ltr' id='par_1_77' title="bbox 270 2492 1059 2530">
     <span class='ocr_line' id='line_1_77' title="bbox 270 2492 1059 2530; baseline 0.009 -12"><span class='ocrx_word' id='word_1_620' title='bbox 270 2499 367 2519; x_wconf 85' lang='lat' dir='ltr'><strong>carnes</strong></span> <span class='ocrx_word' id='word_1_621' title='bbox 378 2492 518 2528; x_wconf 84' lang='lat' dir='ltr'><strong>attingere.</strong></span> <span class='ocrx_word' id='word_1_622' title='bbox 533 2493 630 2530; x_wconf 73' lang='lat' dir='ltr'><strong>(Oi-ig.)</strong></span> <span class='ocrx_word' id='word_1_623' title='bbox 643 2495 706 2522; x_wconf 84' lang='lat' dir='ltr'><strong>Sive</strong></span> <span class='ocrx_word' id='word_1_624' title='bbox 716 2496 769 2523; x_wconf 88' lang='lat' dir='ltr'><strong>alio</strong></span> <span class='ocrx_word' id='word_1_625' title='bbox 783 2497 872 2529; x_wconf 92' lang='lat' dir='ltr'><strong>modo,</strong></span> <span class='ocrx_word' id='word_1_626' title='bbox 881 2501 910 2523; x_wconf 88' lang='lat' dir='ltr'><strong>ut</strong></span> <span class='ocrx_word' id='word_1_627' title='bbox 924 2497 997 2525; x_wconf 85' lang='lat' dir='ltr'><strong>illius</strong></span> <span class='ocrx_word' id='word_1_628' title='bbox 1006 2498 1059 2525; x_wconf 92' lang='lat' dir='ltr'><strong>cir-</strong></span> 
     </span>
    </p>
   </div>
   <div class='ocr_carea' id='block_1_78' title="bbox 272 2537 1057 2576">
    <p class='ocr_par' dir='ltr' id='par_1_78' title="bbox 272 2537 1057 2576">
     <span class='ocr_line' id='line_1_78' title="bbox 272 2537 1057 2576; baseline 0.009 -14"><span class='ocrx_word' id='word_1_629' title='bbox 272 2537 446 2565; x_wconf 84' lang='lat' dir='ltr'><strong>cumcisionis</strong></span> <span class='ocrx_word' id='word_1_630' title='bbox 470 2538 593 2566; x_wconf 90' lang='lat' dir='ltr'><strong>minister</strong></span> <span class='ocrx_word' id='word_1_631' title='bbox 615 2539 699 2568; x_wconf 83' lang='lat' dir='ltr'><strong>fuisse</strong></span> <span class='ocrx_word' id='word_1_632' title='bbox 725 2541 843 2574; x_wconf 86' lang='lat' dir='ltr'><strong>dicatur,</strong></span> <span class='ocrx_word' id='word_1_633' title='bbox 868 2541 901 2568; x_wconf 88' lang='lat' dir='ltr'><strong>de</strong></span> <span class='ocrx_word' id='word_1_634' title='bbox 915 2550 968 2576; x_wconf 86' lang='lat' dir='ltr'><strong>qua</strong></span> <span class='ocrx_word' id='word_1_635' title='bbox 985 2542 1057 2570; x_wconf 89' lang='lat' dir='ltr'><strong>idem</strong></span> 
     </span>
    </p>
   </div>
   <div class='ocr_carea' id='block_1_79' title="bbox 271 2579 1058 2622">
    <p class='ocr_par' dir='ltr' id='par_1_79' title="bbox 271 2579 1058 2622">
     <span class='ocr_line' id='line_1_79' title="bbox 271 2579 1058 2622; baseline 0.01 -15"><span class='ocrx_word' id='word_1_636' title='bbox 271 2579 415 2615; x_wconf 85' lang='lat' dir='ltr'><strong>Apostolus</strong></span> <span class='ocrx_word' id='word_1_637' title='bbox 427 2582 491 2611; x_wconf 90' lang='lat' dir='ltr'><strong>dicit</strong></span> <span class='ocrx_word' id='word_1_638' title='bbox 505 2583 591 2620; x_wconf 85' lang='lat' dir='ltr'><strong>(Rom.</strong></span> <span class='ocrx_word' id='word_1_639' title='bbox 604 2585 634 2620; x_wconf 86' lang='lat' dir='ltr'><strong>ll)</strong></span> <span class='ocrx_word' id='word_1_640' title='bbox 648 2594 654 2611; x_wconf 89' lang='lat'><strong>:</strong></span> <span class='ocrx_word' id='word_1_641' title='bbox 669 2585 731 2613; x_wconf 89' lang='lat' dir='ltr'><strong>Non</strong></span> <span class='ocrx_word' id='word_1_642' title='bbox 745 2587 813 2613; x_wconf 88' lang='lat' dir='ltr'><strong>enim</strong></span> <span class='ocrx_word' id='word_1_643' title='bbox 823 2588 867 2622; x_wconf 86' lang='lat' dir='ltr'><strong>qui</strong></span> <span class='ocrx_word' id='word_1_644' title='bbox 881 2588 907 2614; x_wconf 88' lang='lat' dir='ltr'><strong>in</strong></span> <span class='ocrx_word' id='word_1_645' title='bbox 920 2587 1058 2622; x_wconf 80' lang='lat' dir='ltr'><strong>manifesto</strong></span> 
     </span>
    </p>
   </div>
   <div class='ocr_carea' id='block_1_80' title="bbox 270 2623 1058 2665">
    <p class='ocr_par' dir='ltr' id='par_1_80' title="bbox 270 2623 1058 2665">
     <span class='ocr_line' id='line_1_80' title="bbox 270 2623 1058 2665; baseline 0.013 -16"><span class='ocrx_word' id='word_1_646' title='bbox 270 2623 382 2651; x_wconf 79' lang='lat' dir='ltr'><strong>Judwus</strong></span> <span class='ocrx_word' id='word_1_647' title='bbox 402 2633 452 2659; x_wconf 82' lang='lat' dir='ltr'><strong>est,</strong></span> <span class='ocrx_word' id='word_1_648' title='bbox 469 2635 550 2663; x_wconf 87' lang='lat' dir='ltr'><strong>neque</strong></span> <span class='ocrx_word' id='word_1_649' title='bbox 566 2637 625 2663; x_wconf 80' lang='lat' dir='ltr'><strong>qute</strong></span> <span class='ocrx_word' id='word_1_650' title='bbox 648 2630 787 2665; x_wconf 79' lang='lat' dir='ltr'><strong>manifesta</strong></span> <span class='ocrx_word' id='word_1_651' title='bbox 803 2631 830 2657; x_wconf 86' lang='lat' dir='ltr'><strong>in</strong></span> <span class='ocrx_word' id='word_1_652' title='bbox 846 2639 924 2658; x_wconf 84' lang='lat' dir='ltr'><strong>carne</strong></span> <span class='ocrx_word' id='word_1_653' title='bbox 951 2637 989 2658; x_wconf 87' lang='lat' dir='ltr'><strong>est</strong></span> <span class='ocrx_word' id='word_1_654' title='bbox 1005 2632 1058 2659; x_wconf 83' lang='lat' dir='ltr'><strong>cir-</strong></span> 
     </span>
    </p>
   </div>
   <div class='ocr_carea' id='block_1_81' title="bbox 271 2668 1059 2709">
    <p class='ocr_par' dir='ltr' id='par_1_81' title="bbox 271 2668 1059 2709">
     <span class='ocr_line' id='line_1_81' title="bbox 271 2668 1059 2709; baseline 0.013 -15"><span class='ocrx_word' id='word_1_655' title='bbox 271 2668 408 2702; x_wconf 81' lang='lat' dir='ltr'><strong>cumcisio,</strong></span> <span class='ocrx_word' id='word_1_656' title='bbox 421 2672 465 2698; x_wconf 85' lang='lat' dir='ltr'><strong>sed</strong></span> <span class='ocrx_word' id='word_1_657' title='bbox 476 2673 520 2707; x_wconf 90' lang='lat' dir='ltr'><strong>qui</strong></span> <span class='ocrx_word' id='word_1_658' title='bbox 533 2674 560 2700; x_wconf 84' lang='lat' dir='ltr'><strong>in</strong></span> <span class='ocrx_word' id='word_1_659' title='bbox 570 2673 671 2701; x_wconf 82' lang='lat' dir='ltr'><strong>occulto</strong></span> <span class='ocrx_word' id='word_1_660' title='bbox 681 2674 792 2702; x_wconf 77' lang='lat' dir='ltr'><strong>Juda&#39;us</strong></span> <span class='ocrx_word' id='word_1_661' title='bbox 803 2681 850 2709; x_wconf 89' lang='lat' dir='ltr'><strong>est,</strong></span> <span class='ocrx_word' id='word_1_662' title='bbox 862 2681 886 2703; x_wconf 89' lang='lat' dir='ltr'><strong>et</strong></span> <span class='ocrx_word' id='word_1_663' title='bbox 897 2676 1059 2704; x_wconf 82' lang='lat' dir='ltr'><strong>circumcisio</strong></span> 
     </span>
    </p>
   </div>
   <div class='ocr_carea' id='block_1_82' title="bbox 272 2715 1059 2754">
    <p class='ocr_par' dir='ltr' id='par_1_82' title="bbox 272 2715 1059 2754">
     <span class='ocr_line' id='line_1_82' title="bbox 272 2715 1059 2754; baseline 0.01 -13"><span class='ocrx_word' id='word_1_664' title='bbox 272 2715 359 2742; x_wconf 85' lang='lat' dir='ltr'><strong>cordis</strong></span> <span class='ocrx_word' id='word_1_665' title='bbox 375 2715 402 2742; x_wconf 87' lang='lat' dir='ltr'><strong>in</strong></span> <span class='ocrx_word' id='word_1_666' title='bbox 419 2716 512 2750; x_wconf 86' lang='lat' dir='ltr'><strong>spiritu</strong></span> <span class='ocrx_word' id='word_1_667' title='bbox 524 2726 575 2745; x_wconf 87' lang='lat' dir='ltr'><strong>non</strong></span> <span class='ocrx_word' id='word_1_668' title='bbox 591 2718 690 2752; x_wconf 90' lang='lat' dir='ltr'><strong>littera,</strong></span> <span class='ocrx_word' id='word_1_669' title='bbox 701 2720 776 2754; x_wconf 79' lang='lat' dir='ltr'><strong>cujus</strong></span> <span class='ocrx_word' id='word_1_670' title='bbox 791 2720 850 2748; x_wconf 86' lang='lat' dir='ltr'><strong>laus</strong></span> <span class='ocrx_word' id='word_1_671' title='bbox 869 2729 921 2748; x_wconf 85' lang='lat' dir='ltr'><strong>non</strong></span> <span class='ocrx_word' id='word_1_672' title='bbox 932 2730 964 2748; x_wconf 68' lang='lat' dir='ltr'><strong>ex</strong></span> <span class='ocrx_word' id='word_1_673' title='bbox 975 2721 1059 2749; x_wconf 82' lang='lat' dir='ltr'><strong>Itami-</strong></span> 
     </span>
    </p>
   </div>
   <div class='ocr_carea' id='block_1_83' title="bbox 273 2761 1061 2805">
    <p class='ocr_par' dir='ltr' id='par_1_83' title="bbox 273 2761 1061 2805">
     <span class='ocr_line' id='line_1_83' title="bbox 273 2761 1061 2805; baseline 0.013 -18"><span class='ocrx_word' id='word_1_674' title='bbox 273 2761 359 2795; x_wconf 76' lang='lat' dir='ltr'><strong>nibus,</strong></span> <span class='ocrx_word' id='word_1_675' title='bbox 370 2763 416 2790; x_wconf 85' lang='lat' dir='ltr'><strong>sed</strong></span> <span class='ocrx_word' id='word_1_676' title='bbox 432 2772 465 2791; x_wconf 76' lang='lat' dir='ltr'><strong>ex</strong></span> <span class='ocrx_word' id='word_1_677' title='bbox 474 2764 528 2792; x_wconf 78' lang='lat' dir='ltr'><strong>Dea</strong></span> <span class='ocrx_word' id='word_1_678' title='bbox 543 2772 599 2794; x_wconf 82' lang='lat' dir='ltr'><strong>est:</strong></span> <span class='ocrx_word' id='word_1_679' title='bbox 613 2771 640 2795; x_wconf 93' lang='lat' dir='ltr'><strong>et</strong></span> <span class='ocrx_word' id='word_1_680' title='bbox 657 2769 803 2796; x_wconf 88' lang='lat' dir='ltr'><strong>secundum</strong></span> <span class='ocrx_word' id='word_1_681' title='bbox 819 2769 889 2804; x_wconf 89' lang='lat' dir='ltr'><strong>quod</strong></span> <span class='ocrx_word' id='word_1_682' title='bbox 903 2769 974 2796; x_wconf 87' lang='lat' dir='ltr'><strong>idem</strong></span> <span class='ocrx_word' id='word_1_683' title='bbox 990 2769 1061 2805; x_wconf 89' lang='lat' dir='ltr'><strong>Apo-</strong></span> 
     </span>
    </p>
   </div>
   <div class='ocr_carea' id='block_1_84' title="bbox 273 2807 1061 2851">
    <p class='ocr_par' dir='ltr' id='par_1_84' title="bbox 273 2807 1061 2851">
     <span class='ocr_line' id='line_1_84' title="bbox 273 2807 1061 2851; baseline 0.011 -16"><span class='ocrx_word' id='word_1_684' title='bbox 273 2807 357 2837; x_wconf 80' lang='lat' dir='ltr'><strong>stolus</strong></span> <span class='ocrx_word' id='word_1_685' title='bbox 370 2809 398 2839; x_wconf 90' lang='lat' dir='ltr'><strong>iu</strong></span> <span class='ocrx_word' id='word_1_686' title='bbox 412 2810 472 2840; x_wconf 85' lang='lat' dir='ltr'><strong>aliis</strong></span> <span class='ocrx_word' id='word_1_687' title='bbox 486 2811 548 2840; x_wconf 84' lang='lat' dir='ltr'><strong>dicit</strong></span> <span class='ocrx_word' id='word_1_688' title='bbox 560 2812 670 2847; x_wconf 79' lang='lat' dir='ltr'><strong>(Coloss.</strong></span> <span class='ocrx_word' id='word_1_689' title='bbox 688 2815 718 2851; x_wconf 84' lang='lat' dir='ltr'><strong>it)</strong></span> <span class='ocrx_word' id='word_1_690' title='bbox 733 2824 739 2842; x_wconf 91' lang='lat'>:</span> <span class='ocrx_word' id='word_1_691' title='bbox 751 2815 785 2844; x_wconf 89' lang='lat' dir='ltr'><strong>In</strong></span> <span class='ocrx_word' id='word_1_692' title='bbox 794 2823 846 2851; x_wconf 86' lang='lat' dir='ltr'><strong>quo</strong></span> <span class='ocrx_word' id='word_1_693' title='bbox 861 2816 939 2844; x_wconf 77' lang='lat' dir='ltr'><strong>etiam</strong></span> <span class='ocrx_word' id='word_1_694' title='bbox 950 2816 1061 2844; x_wconf 80' lang='lat' dir='ltr'><strong>circnm-</strong></span> 
     </span>
    </p>
   </div>
   <div class='ocr_carea' id='block_1_85' title="bbox 1103 1587 1894 1622">
    <p class='ocr_par' dir='ltr' id='par_1_85' title="bbox 1103 1587 1894 1622">
     <span class='ocr_line' id='line_1_85' title="bbox 1103 1587 1894 1622; baseline 0.005 -10"><span class='ocrx_word' id='word_1_695' title='bbox 1103 1594 1133 1613; x_wconf 86' lang='lat' dir='ltr'><strong>ea</strong></span> <span class='ocrx_word' id='word_1_696' title='bbox 1144 1595 1160 1613; x_wconf 90' lang='lat' dir='ltr'><strong>a</strong></span> <span class='ocrx_word' id='word_1_697' title='bbox 1170 1587 1330 1620; x_wconf 79' lang='lat' dir='ltr'><strong>sapientibus</strong></span> <span class='ocrx_word' id='word_1_698' title='bbox 1343 1592 1366 1614; x_wconf 89' lang='lat' dir='ltr'><strong>et</strong></span> <span class='ocrx_word' id='word_1_699' title='bbox 1376 1587 1556 1622; x_wconf 81' lang='lat' dir='ltr'><strong>prudentibus,</strong></span> <span class='ocrx_word' id='word_1_700' title='bbox 1564 1592 1588 1614; x_wconf 88' lang='lat' dir='ltr'><strong>el</strong></span> <span class='ocrx_word' id='word_1_701' title='bbox 1600 1589 1721 1615; x_wconf 79' lang='lat' dir='ltr'><strong>revelasti</strong></span> <span class='ocrx_word' id='word_1_702' title='bbox 1728 1597 1758 1615; x_wconf 73' lang='lat' dir='ltr'><strong>eo</strong></span> <span class='ocrx_word' id='word_1_703' title='bbox 1765 1590 1894 1622; x_wconf 51' lang='lat' dir='ltr'><strong>parvulis</strong></span> 
     </span>
    </p>
   </div>
   <div class='ocr_carea' id='block_1_86' title="bbox 1102 1631 1899 1668">
    <p class='ocr_par' dir='ltr' id='par_1_86' title="bbox 1102 1631 1899 1668">
     <span class='ocr_line' id='line_1_86' title="bbox 1102 1631 1899 1668; baseline 0.005 -11"><span class='ocrx_word' id='word_1_704' title='bbox 1102 1632 1225 1666; x_wconf 86' lang='lat' dir='ltr'><strong>quoniam</strong></span> <span class='ocrx_word' id='word_1_705' title='bbox 1237 1631 1329 1658; x_wconf 89' lang='lat' dir='ltr'><strong>bonum</strong></span> <span class='ocrx_word' id='word_1_706' title='bbox 1341 1632 1464 1667; x_wconf 82' lang='lat' dir='ltr'><strong>placitum</strong></span> <span class='ocrx_word' id='word_1_707' title='bbox 1471 1633 1521 1667; x_wconf 79' lang='lat' dir='ltr'><strong>fuit</strong></span> <span class='ocrx_word' id='word_1_708' title='bbox 1532 1638 1593 1659; x_wconf 83' lang='lat' dir='ltr'><strong>ante</strong></span> <span class='ocrx_word' id='word_1_709' title='bbox 1609 1638 1633 1659; x_wconf 88' lang='lat' dir='ltr'><strong>te</strong></span> <span class='ocrx_word' id='word_1_710' title='bbox 1642 1632 1752 1668; x_wconf 81' lang='lat' dir='ltr'><strong>(Matth.</strong></span> <span class='ocrx_word' id='word_1_711' title='bbox 1763 1640 1813 1660; x_wconf 69' lang='lat' dir='ltr'><strong>xm.</strong></span> <span class='ocrx_word' id='word_1_712' title='bbox 1823 1634 1899 1662; x_wconf 67' lang='lat' dir='ltr'><strong>Cou-</strong></span> 
     </span>
    </p>
   </div>
   <div class='ocr_carea' id='block_1_87' title="bbox 1103 1677 1903 1715">
    <p class='ocr_par' dir='ltr' id='par_1_87' title="bbox 1103 1677 1903 1715">
     <span class='ocr_line' id='line_1_87' title="bbox 1103 1677 1903 1715; baseline 0.005 -11"><span class='ocrx_word' id='word_1_713' title='bbox 1103 1677 1184 1705; x_wconf 81' lang='lat' dir='ltr'><strong>l&#39;essio</strong></span> <span class='ocrx_word' id='word_1_714' title='bbox 1198 1686 1262 1713; x_wconf 79' lang='lat' dir='ltr'><strong>ergo</strong></span> <span class='ocrx_word' id='word_1_715' title='bbox 1273 1683 1323 1705; x_wconf 82' lang='lat' dir='ltr'><strong>Ista</strong></span> <span class='ocrx_word' id='word_1_716' title='bbox 1338 1679 1416 1705; x_wconf 91' lang='lat' dir='ltr'><strong>unius</strong></span> <span class='ocrx_word' id='word_1_717' title='bbox 1427 1678 1473 1706; x_wconf 89' lang='lat' dir='ltr'><strong>Dei</strong></span> <span class='ocrx_word' id='word_1_718' title='bbox 1484 1683 1525 1706; x_wconf 89' lang='lat' dir='ltr'><strong>est</strong></span> <span class='ocrx_word' id='word_1_719' title='bbox 1538 1679 1564 1705; x_wconf 91' lang='lat' dir='ltr'><strong>in</strong></span> <span class='ocrx_word' id='word_1_720' title='bbox 1575 1679 1718 1711; x_wconf 87' lang='lat' dir='ltr'><strong>Trinitate,</strong></span> <span class='ocrx_word' id='word_1_721' title='bbox 1731 1688 1766 1707; x_wconf 77' lang='lat' dir='ltr'><strong>ex</strong></span> <span class='ocrx_word' id='word_1_722' title='bbox 1779 1688 1835 1715; x_wconf 83' lang='lat' dir='ltr'><strong>qua</strong></span> <span class='ocrx_word' id='word_1_723' title='bbox 1846 1690 1903 1708; x_wconf 87' lang='lat' dir='ltr'><strong>sur-</strong></span> 
     </span>
    </p>
   </div>
   <div class='ocr_carea' id='block_1_88' title="bbox 1104 1723 1902 1758">
    <p class='ocr_par' dir='ltr' id='par_1_88' title="bbox 1104 1723 1902 1758">
     <span class='ocr_line' id='line_1_88' title="bbox 1104 1723 1902 1758; baseline 0.005 -8"><span class='ocrx_word' id='word_1_724' title='bbox 1104 1724 1143 1758; x_wconf 85' lang='lat' dir='ltr'><strong>git</strong></span> <span class='ocrx_word' id='word_1_725' title='bbox 1156 1723 1260 1756; x_wconf 72' lang='lat' dir='ltr'><strong>la-titia,</strong></span> <span class='ocrx_word' id='word_1_726' title='bbox 1273 1728 1303 1750; x_wconf 91' lang='lat' dir='ltr'><strong>ut</strong></span> <span class='ocrx_word' id='word_1_727' title='bbox 1317 1728 1378 1758; x_wconf 84' lang='lat' dir='ltr'><strong>post</strong></span> <span class='ocrx_word' id='word_1_728' title='bbox 1393 1724 1448 1751; x_wconf 81' lang='lat' dir='ltr'><strong>veri</strong></span> <span class='ocrx_word' id='word_1_729' title='bbox 1465 1724 1662 1755; x_wconf 78' lang='lat' dir='ltr'><strong>confessionem</strong></span> <span class='ocrx_word' id='word_1_730' title='bbox 1684 1725 1765 1752; x_wconf 67' lang='lat' dir='ltr'><strong>laetus</strong></span> <span class='ocrx_word' id='word_1_731' title='bbox 1778 1727 1902 1754; x_wconf 63' lang='lat' dir='ltr'><strong>demutet</strong></span> 
     </span>
    </p>
   </div>
   <div class='ocr_carea' id='block_1_89' title="bbox 1104 1767 1901 1798">
    <p class='ocr_par' dir='ltr' id='par_1_89' title="bbox 1104 1767 1901 1798">
     <span class='ocr_line' id='line_1_89' title="bbox 1104 1767 1901 1798; baseline 0.005 -4"><span class='ocrx_word' id='word_1_732' title='bbox 1104 1767 1316 1795; x_wconf 87' lang='lat' dir='ltr'><strong>misericordiam</strong></span> <span class='ocrx_word' id='word_1_733' title='bbox 1332 1772 1358 1794; x_wconf 90' lang='lat' dir='ltr'><strong>et</strong></span> <span class='ocrx_word' id='word_1_734' title='bbox 1371 1768 1470 1795; x_wconf 89' lang='lat' dir='ltr'><strong>donutn</strong></span> <span class='ocrx_word' id='word_1_735' title='bbox 1484 1768 1542 1796; x_wconf 89' lang='lat' dir='ltr'><strong>Dei.</strong></span> <span class='ocrx_word' id='word_1_736' title='bbox 1557 1768 1590 1795; x_wconf 82' lang='lat' dir='ltr'><strong>Et</strong></span> <span class='ocrx_word' id='word_1_737' title='bbox 1604 1769 1701 1796; x_wconf 86' lang='lat' dir='ltr'><strong>iterum</strong></span> <span class='ocrx_word' id='word_1_738' title='bbox 1711 1769 1780 1796; x_wconf 84' lang='lat' dir='ltr'><strong>dicit</strong></span> <span class='ocrx_word' id='word_1_739' title='bbox 1793 1779 1803 1797; x_wconf 79' lang='lat'><strong>.-</strong></span> <span class='ocrx_word' id='word_1_740' title='bbox 1816 1770 1901 1798; x_wconf 70' lang='lat' dir='ltr'><strong>Lava-</strong></span> 
     </span>
    </p>
   </div>
   <div class='ocr_carea' id='block_1_90' title="bbox 1104 1813 1902 1848">
    <p class='ocr_par' dir='ltr' id='par_1_90' title="bbox 1104 1813 1902 1848">
     <span class='ocr_line' id='line_1_90' title="bbox 1104 1813 1902 1848; baseline 0.008 -10"><span class='ocrx_word' id='word_1_741' title='bbox 1104 1813 1168 1839; x_wconf 88' lang='lat' dir='ltr'><strong>mini</strong></span> <span class='ocrx_word' id='word_1_742' title='bbox 1192 1818 1278 1848; x_wconf 84' lang='lat' dir='ltr'><strong>gentes</strong></span> <span class='ocrx_word' id='word_1_743' title='bbox 1293 1821 1351 1839; x_wconf 89' lang='lat' dir='ltr'><strong>cum</strong></span> <span class='ocrx_word' id='word_1_744' title='bbox 1365 1813 1436 1848; x_wconf 84' lang='lat' dir='ltr'><strong>plebe</strong></span> <span class='ocrx_word' id='word_1_745' title='bbox 1449 1814 1515 1848; x_wconf 83' lang='lat' dir='ltr'><strong>ejus.</strong></span> <span class='ocrx_word' id='word_1_746' title='bbox 1531 1813 1588 1841; x_wconf 87' lang='lat' dir='ltr'><strong>Hoc</strong></span> <span class='ocrx_word' id='word_1_747' title='bbox 1604 1814 1631 1840; x_wconf 92' lang='lat' dir='ltr'><strong>in</strong></span> <span class='ocrx_word' id='word_1_748' title='bbox 1648 1815 1758 1842; x_wconf 83' lang='lat' dir='ltr'><strong>cantico</strong></span> <span class='ocrx_word' id='word_1_749' title='bbox 1772 1816 1902 1844; x_wconf 78' lang='lat' dir='ltr'><strong>Demem—</strong></span> 
     </span>
    </p>
   </div>
   <div class='ocr_carea' id='block_1_91' title="bbox 1105 1859 1901 1895">
    <p class='ocr_par' dir='ltr' id='par_1_91' title="bbox 1105 1859 1901 1895">
     <span class='ocr_line' id='line_1_91' title="bbox 1105 1859 1901 1895; baseline 0.005 -9"><span class='ocrx_word' id='word_1_750' title='bbox 1105 1859 1198 1886; x_wconf 93' lang='lat' dir='ltr'><strong>nomii.</strong></span> <span class='ocrx_word' id='word_1_751' title='bbox 1213 1859 1247 1886; x_wconf 85' lang='lat' dir='ltr'><strong>Et</strong></span> <span class='ocrx_word' id='word_1_752' title='bbox 1260 1860 1353 1886; x_wconf 87' lang='lat' dir='ltr'><strong>iterum</strong></span> <span class='ocrx_word' id='word_1_753' title='bbox 1365 1867 1374 1885; x_wconf 90' lang='lat'><strong>.&#39;</strong></span> <span class='ocrx_word' id='word_1_754' title='bbox 1388 1859 1506 1887; x_wconf 75' lang='lat' dir='ltr'><strong>Laudato</strong></span> <span class='ocrx_word' id='word_1_755' title='bbox 1517 1868 1605 1887; x_wconf 85' lang='lat' dir='ltr'><strong>omnes</strong></span> <span class='ocrx_word' id='word_1_756' title='bbox 1615 1866 1702 1895; x_wconf 79' lang='lat' dir='ltr'><strong>gentes</strong></span> <span class='ocrx_word' id='word_1_757' title='bbox 1710 1861 1871 1894; x_wconf 71' lang='lat' dir='ltr'><strong>Dominum.</strong></span> <span class='ocrx_word' id='word_1_758' title='bbox 1880 1869 1901 1890; x_wconf 83' lang='lat' dir='ltr'><strong>et</strong></span> 
     </span>
    </p>
   </div>
   <div class='ocr_carea' id='block_1_92' title="bbox 1105 1903 1901 1940">
    <p class='ocr_par' dir='ltr' id='par_1_92' title="bbox 1105 1903 1901 1940">
     <span class='ocr_line' id='line_1_92' title="bbox 1105 1903 1901 1940; baseline 0.008 -11"><span class='ocrx_word' id='word_1_759' title='bbox 1105 1903 1270 1938; x_wconf 84' lang='lat' dir='ltr'><strong>magniﬁcate</strong></span> <span class='ocrx_word' id='word_1_760' title='bbox 1282 1911 1340 1930; x_wconf 89' lang='lat' dir='ltr'><strong>eum</strong></span> <span class='ocrx_word' id='word_1_761' title='bbox 1352 1911 1439 1930; x_wconf 84' lang='lat' dir='ltr'><strong>omnes</strong></span> <span class='ocrx_word' id='word_1_762' title='bbox 1449 1903 1547 1938; x_wconf 88' lang='lat' dir='ltr'><strong>populi.</strong></span> <span class='ocrx_word' id='word_1_763' title='bbox 1562 1903 1618 1932; x_wconf 81' lang='lat' dir='ltr'><strong>Hoc</strong></span> <span class='ocrx_word' id='word_1_764' title='bbox 1628 1905 1655 1931; x_wconf 91' lang='lat' dir='ltr'><strong>in</strong></span> <span class='ocrx_word' id='word_1_765' title='bbox 1667 1905 1777 1940; x_wconf 86' lang='lat' dir='ltr'><strong>psalmo</strong></span> <span class='ocrx_word' id='word_1_766' title='bbox 1788 1909 1901 1935; x_wconf 75' lang='lat' dir='ltr'><strong>centesi-</strong></span> 
     </span>
    </p>
   </div>
   <div class='ocr_carea' id='block_1_93' title="bbox 1106 1949 1902 1986">
    <p class='ocr_par' dir='ltr' id='par_1_93' title="bbox 1106 1949 1902 1986">
     <span class='ocr_line' id='line_1_93' title="bbox 1106 1949 1902 1986; baseline 0.011 -12"><span class='ocrx_word' id='word_1_767' title='bbox 1106 1955 1150 1974; x_wconf 92' lang='lat' dir='ltr'><strong>mo</strong></span> <span class='ocrx_word' id='word_1_768' title='bbox 1157 1953 1232 1976; x_wconf 78' lang='lat' dir='ltr'><strong>sexto</strong></span> <span class='ocrx_word' id='word_1_769' title='bbox 1240 1949 1343 1978; x_wconf 89' lang='lat' dir='ltr'><strong>decimo</strong></span> <span class='ocrx_word' id='word_1_770' title='bbox 1351 1950 1414 1978; x_wconf 94' lang='lat' dir='ltr'><strong>olim</strong></span> <span class='ocrx_word' id='word_1_771' title='bbox 1425 1952 1576 1980; x_wconf 86' lang='lat' dir='ltr'><strong>decrevisse</strong></span> <span class='ocrx_word' id='word_1_772' title='bbox 1582 1952 1666 1980; x_wconf 89' lang='lat' dir='ltr'><strong>Deum</strong></span> <span class='ocrx_word' id='word_1_773' title='bbox 1676 1955 1813 1986; x_wconf 80' lang='lat' dir='ltr'><strong>ostendit,</strong></span> <span class='ocrx_word' id='word_1_774' title='bbox 1822 1956 1902 1982; x_wconf 78' lang='lat' dir='ltr'><strong>inter-</strong></span> 
     </span>
    </p>
   </div>
   <div class='ocr_carea' id='block_1_94' title="bbox 1106 1994 1903 2031">
    <p class='ocr_par' dir='ltr' id='par_1_94' title="bbox 1106 1994 1903 2031">
     <span class='ocr_line' id='line_1_94' title="bbox 1106 1994 1903 2031; baseline 0.013 -11"><span class='ocrx_word' id='word_1_775' title='bbox 1106 1994 1231 2022; x_wconf 88' lang='lat' dir='ltr'><strong>veniente</strong></span> <span class='ocrx_word' id='word_1_776' title='bbox 1243 1995 1429 2024; x_wconf 81' lang='lat' dir='ltr'><strong>misericordia</strong></span> <span class='ocrx_word' id='word_1_777' title='bbox 1447 2005 1506 2031; x_wconf 89' lang='lat' dir='ltr'><strong>sua,</strong></span> <span class='ocrx_word' id='word_1_778' title='bbox 1522 2000 1670 2027; x_wconf 87' lang='lat' dir='ltr'><strong>concordes</strong></span> <span class='ocrx_word' id='word_1_779' title='bbox 1683 1999 1779 2028; x_wconf 77' lang='lat' dir='ltr'><strong>facere</strong></span> <span class='ocrx_word' id='word_1_780' title='bbox 1797 2001 1903 2030; x_wconf 64' lang='lat' dir='ltr'><strong>ludus</strong></span> 
     </span>
    </p>
   </div>
   <div class='ocr_carea' id='block_1_95' title="bbox 1106 2042 1902 2080">
    <p class='ocr_par' dir='ltr' id='par_1_95' title="bbox 1106 2042 1902 2080">
     <span class='ocr_line' id='line_1_95' title="bbox 1106 2042 1902 2080; baseline 0.01 -13"><span class='ocrx_word' id='word_1_781' title='bbox 1106 2044 1134 2067; x_wconf 87' lang='lat' dir='ltr'><strong>et</strong></span> <span class='ocrx_word' id='word_1_782' title='bbox 1156 2045 1260 2075; x_wconf 87' lang='lat' dir='ltr'><strong>gentes,</strong></span> <span class='ocrx_word' id='word_1_783' title='bbox 1281 2046 1310 2069; x_wconf 92' lang='lat' dir='ltr'><strong>ut</strong></span> <span class='ocrx_word' id='word_1_784' title='bbox 1331 2042 1444 2077; x_wconf 77' lang='lat' dir='ltr'><strong>gratiam</strong></span> <span class='ocrx_word' id='word_1_785' title='bbox 1468 2044 1557 2078; x_wconf 79' lang='lat' dir='ltr'><strong>adepti</strong></span> <span class='ocrx_word' id='word_1_786' title='bbox 1580 2045 1692 2080; x_wconf 83' lang='lat' dir='ltr'><strong>gentiles</strong></span> <span class='ocrx_word' id='word_1_787' title='bbox 1719 2047 1790 2073; x_wconf 87' lang='lat' dir='ltr'><strong>socii</strong></span> <span class='ocrx_word' id='word_1_788' title='bbox 1808 2048 1902 2075; x_wconf 83' lang='lat' dir='ltr'><strong>ﬁerent</strong></span> 
     </span>
    </p>
   </div>
   <div class='ocr_carea' id='block_1_96' title="bbox 1107 2084 1903 2125">
    <p class='ocr_par' dir='ltr' id='par_1_96' title="bbox 1107 2084 1903 2125">
     <span class='ocr_line' id='line_1_96' title="bbox 1107 2084 1903 2125; baseline 0.011 -14"><span class='ocrx_word' id='word_1_789' title='bbox 1107 2084 1269 2118; x_wconf 66' lang='lat' dir='ltr'><strong>Iudaeorum,</strong></span> <span class='ocrx_word' id='word_1_790' title='bbox 1283 2087 1329 2121; x_wconf 87' lang='lat' dir='ltr'><strong>qui</strong></span> <span class='ocrx_word' id='word_1_791' title='bbox 1341 2091 1368 2114; x_wconf 84' lang='lat' dir='ltr'><strong>et</strong></span> <span class='ocrx_word' id='word_1_792' title='bbox 1381 2087 1430 2122; x_wconf 90' lang='lat' dir='ltr'><strong>ipsi</strong></span> <span class='ocrx_word' id='word_1_793' title='bbox 1441 2088 1505 2115; x_wconf 90' lang='lat' dir='ltr'><strong>olim</strong></span> <span class='ocrx_word' id='word_1_794' title='bbox 1517 2090 1588 2116; x_wconf 91' lang='lat' dir='ltr'><strong>dono</strong></span> <span class='ocrx_word' id='word_1_795' title='bbox 1600 2089 1647 2116; x_wconf 85' lang='lat' dir='ltr'><strong>Dei</strong></span> <span class='ocrx_word' id='word_1_796' title='bbox 1660 2089 1737 2125; x_wconf 82' lang='lat' dir='ltr'><strong>plebs</strong></span> <span class='ocrx_word' id='word_1_797' title='bbox 1753 2090 1818 2125; x_wconf 76' lang='lat' dir='ltr'><strong>ejus</strong></span> <span class='ocrx_word' id='word_1_798' title='bbox 1828 2098 1903 2120; x_wconf 72' lang='lat' dir='ltr'><strong>erant</strong></span> 
     </span>
    </p>
   </div>
   <div class='ocr_carea' id='block_1_97' title="bbox 1108 2130 1901 2173">
    <p class='ocr_par' dir='ltr' id='par_1_97' title="bbox 1108 2130 1901 2173">
     <span class='ocr_line' id='line_1_97' title="bbox 1108 2130 1901 2173; baseline 0.011 -17"><span class='ocrx_word' id='word_1_799' title='bbox 1108 2130 1247 2157; x_wconf 88' lang='lat' dir='ltr'><strong>nominati.</strong></span> <span class='ocrx_word' id='word_1_800' title='bbox 1268 2130 1320 2158; x_wconf 86' lang='lat' dir='ltr'><strong>Sed</strong></span> <span class='ocrx_word' id='word_1_801' title='bbox 1343 2131 1399 2166; x_wconf 87' lang='lat' dir='ltr'><strong>jam</strong></span> <span class='ocrx_word' id='word_1_802' title='bbox 1423 2133 1527 2161; x_wconf 86' lang='lat' dir='ltr'><strong>nobiles</strong></span> <span class='ocrx_word' id='word_1_803' title='bbox 1554 2133 1654 2166; x_wconf 57' lang='lat' dir='ltr'><strong>Iudici,</strong></span> <span class='ocrx_word' id='word_1_804' title='bbox 1682 2135 1709 2162; x_wconf 86' lang='lat' dir='ltr'><strong>bi</strong></span> <span class='ocrx_word' id='word_1_805' title='bbox 1739 2144 1808 2164; x_wconf 87' lang='lat' dir='ltr'><strong>vero</strong></span> <span class='ocrx_word' id='word_1_806' title='bbox 1826 2138 1901 2173; x_wconf 81' lang='lat' dir='ltr'><strong>igno-</strong></span> 
     </span>
    </p>
   </div>
   <div class='ocr_carea' id='block_1_98' title="bbox 1108 2174 1900 2213">
    <p class='ocr_par' dir='ltr' id='par_1_98' title="bbox 1108 2174 1900 2213">
     <span class='ocr_line' id='line_1_98' title="bbox 1108 2174 1900 2213; baseline 0.01 -11"><span class='ocrx_word' id='word_1_807' title='bbox 1108 2174 1176 2202; x_wconf 82' lang='lat' dir='ltr'><strong>biles</strong></span> <span class='ocrx_word' id='word_1_808' title='bbox 1200 2181 1248 2210; x_wconf 89' lang='lat' dir='ltr'><strong>per</strong></span> <span class='ocrx_word' id='word_1_809' title='bbox 1272 2176 1484 2204; x_wconf 88' lang='lat' dir='ltr'><strong>misericordiam</strong></span> <span class='ocrx_word' id='word_1_810' title='bbox 1513 2179 1647 2206; x_wconf 87' lang='lat' dir='ltr'><strong>nobilitati</strong></span> <span class='ocrx_word' id='word_1_811' title='bbox 1670 2186 1743 2213; x_wconf 85' lang='lat' dir='ltr'><strong>sunt,</strong></span> <span class='ocrx_word' id='word_1_812' title='bbox 1771 2187 1804 2209; x_wconf 90' lang='lat' dir='ltr'><strong>ut</strong></span> <span class='ocrx_word' id='word_1_813' title='bbox 1825 2183 1900 2210; x_wconf 76' lang='lat' dir='ltr'><strong>simul</strong></span> 
     </span>
    </p>
   </div>
   <div class='ocr_carea' id='block_1_99' title="bbox 1107 2220 1902 2257">
    <p class='ocr_par' dir='ltr' id='par_1_99' title="bbox 1107 2220 1902 2257">
     <span class='ocr_line' id='line_1_99' title="bbox 1107 2220 1902 2257; baseline 0.01 -10"><span class='ocrx_word' id='word_1_814' title='bbox 1107 2228 1201 2248; x_wconf 89' lang='lat' dir='ltr'><strong>omnes</strong></span> <span class='ocrx_word' id='word_1_815' title='bbox 1219 2220 1273 2248; x_wconf 61' lang='lat' dir='ltr'><strong>laeti</strong></span> <span class='ocrx_word' id='word_1_816' title='bbox 1292 2221 1347 2249; x_wconf 91' lang='lat' dir='ltr'><strong>sint</strong></span> <span class='ocrx_word' id='word_1_817' title='bbox 1363 2222 1500 2257; x_wconf 84' lang='lat' dir='ltr'><strong>agnitione</strong></span> <span class='ocrx_word' id='word_1_818' title='bbox 1523 2225 1662 2257; x_wconf 86' lang='lat' dir='ltr'><strong>veritatis,</strong></span> <span class='ocrx_word' id='word_1_819' title='bbox 1681 2230 1708 2253; x_wconf 83' lang='lat' dir='ltr'><strong>et</strong></span> <span class='ocrx_word' id='word_1_820' title='bbox 1726 2226 1902 2256; x_wconf 78' lang='lat' dir='ltr'><strong>laudantibus</strong></span> 
     </span>
    </p>
   </div>
   <div class='ocr_carea' id='block_1_100' title="bbox 1107 2266 1899 2305">
    <p class='ocr_par' dir='ltr' id='par_1_100' title="bbox 1107 2266 1899 2305">
     <span class='ocr_line' id='line_1_100' title="bbox 1107 2266 1899 2305; baseline 0.011 -14"><span class='ocrx_word' id='word_1_821' title='bbox 1107 2266 1241 2301; x_wconf 85' lang='lat' dir='ltr'><strong>gentibus,</strong></span> <span class='ocrx_word' id='word_1_822' title='bbox 1256 2266 1340 2294; x_wconf 90' lang='lat' dir='ltr'><strong>Deum</strong></span> <span class='ocrx_word' id='word_1_823' title='bbox 1353 2268 1526 2302; x_wconf 87' lang='lat' dir='ltr'><strong>magniﬁceut</strong></span> <span class='ocrx_word' id='word_1_824' title='bbox 1536 2278 1630 2297; x_wconf 89' lang='lat' dir='ltr'><strong>omnes</strong></span> <span class='ocrx_word' id='word_1_825' title='bbox 1643 2271 1744 2305; x_wconf 86' lang='lat' dir='ltr'><strong>populi,</strong></span> <span class='ocrx_word' id='word_1_826' title='bbox 1757 2272 1899 2300; x_wconf 82' lang='lat' dir='ltr'><strong>duodecim</strong></span> 
     </span>
    </p>
   </div>
   <div class='ocr_carea' id='block_1_101' title="bbox 1107 2313 1897 2352">
    <p class='ocr_par' dir='ltr' id='par_1_101' title="bbox 1107 2313 1897 2352">
     <span class='ocr_line' id='line_1_101' title="bbox 1107 2313 1897 2352; baseline 0.009 -13"><span class='ocrx_word' id='word_1_827' title='bbox 1107 2313 1193 2340; x_wconf 89' lang='lat' dir='ltr'><strong>tribus</strong></span> <span class='ocrx_word' id='word_1_828' title='bbox 1205 2321 1287 2341; x_wconf 83' lang='lat' dir='ltr'><strong>utinm</strong></span> <span class='ocrx_word' id='word_1_829' title='bbox 1301 2314 1399 2348; x_wconf 85' lang='lat' dir='ltr'><strong>Deum,</strong></span> <span class='ocrx_word' id='word_1_830' title='bbox 1415 2316 1461 2350; x_wconf 89' lang='lat' dir='ltr'><strong>qui</strong></span> <span class='ocrx_word' id='word_1_831' title='bbox 1480 2316 1557 2343; x_wconf 76' lang='lat' dir='ltr'><strong>auxit</strong></span> <span class='ocrx_word' id='word_1_832' title='bbox 1574 2324 1716 2344; x_wconf 89' lang='lat' dir='ltr'><strong>nmnerum</strong></span> <span class='ocrx_word' id='word_1_833' title='bbox 1730 2318 1821 2352; x_wconf 87' lang='lat' dir='ltr'><strong>plebis</strong></span> <span class='ocrx_word' id='word_1_834' title='bbox 1834 2327 1897 2351; x_wconf 66' lang='lat' dir='ltr'><strong>sane,</strong></span> 
     </span>
    </p>
   </div>
   <div class='ocr_carea' id='block_1_102' title="bbox 1107 2357 1897 2397">
    <p class='ocr_par' dir='ltr' id='par_1_102' title="bbox 1107 2357 1897 2397">
     <span class='ocr_line' id='line_1_102' title="bbox 1107 2357 1897 2397; baseline 0.011 -13"><span class='ocrx_word' id='word_1_835' title='bbox 1107 2357 1241 2392; x_wconf 86' lang='lat' dir='ltr'><strong>adjunctis</strong></span> <span class='ocrx_word' id='word_1_836' title='bbox 1254 2360 1387 2395; x_wconf 85' lang='lat' dir='ltr'><strong>gentibus.</strong></span> <span class='ocrx_word' id='word_1_837' title='bbox 1403 2360 1524 2396; x_wconf 88' lang='lat' dir='ltr'><strong>Denique</strong></span> <span class='ocrx_word' id='word_1_838' title='bbox 1538 2370 1600 2389; x_wconf 89' lang='lat' dir='ltr'><strong>cum</strong></span> <span class='ocrx_word' id='word_1_839' title='bbox 1615 2363 1801 2397; x_wconf 85' lang='lat' dir='ltr'><strong>disceptarent</strong></span> <span class='ocrx_word' id='word_1_840' title='bbox 1813 2364 1897 2393; x_wconf 69' lang='lat' dir='ltr'><strong>Iudaei</strong></span> 
     </span>
    </p>
   </div>
   <div class='ocr_carea' id='block_1_103' title="bbox 1107 2406 1896 2442">
    <p class='ocr_par' dir='ltr' id='par_1_103' title="bbox 1107 2406 1896 2442">
     <span class='ocr_line' id='line_1_103' title="bbox 1107 2406 1896 2442; baseline 0.009 -11"><span class='ocrx_word' id='word_1_841' title='bbox 1107 2408 1201 2431; x_wconf 81' lang='lat' dir='ltr'><strong>contra</strong></span> <span class='ocrx_word' id='word_1_842' title='bbox 1222 2406 1371 2440; x_wconf 84' lang='lat' dir='ltr'><strong>apostolum</strong></span> <span class='ocrx_word' id='word_1_843' title='bbox 1399 2407 1508 2434; x_wconf 85' lang='lat' dir='ltr'><strong>Petrum</strong></span> <span class='ocrx_word' id='word_1_844' title='bbox 1533 2415 1616 2435; x_wconf 89' lang='lat' dir='ltr'><strong>causa</strong></span> <span class='ocrx_word' id='word_1_845' title='bbox 1635 2408 1764 2442; x_wconf 87' lang='lat' dir='ltr'><strong>Cornelii,</strong></span> <span class='ocrx_word' id='word_1_846' title='bbox 1793 2411 1896 2439; x_wconf 75' lang='lat' dir='ltr'><strong>reddita</strong></span> 
     </span>
    </p>
   </div>
   <div class='ocr_carea' id='block_1_104' title="bbox 1109 2450 1895 2489">
    <p class='ocr_par' dir='ltr' id='par_1_104' title="bbox 1109 2450 1895 2489">
     <span class='ocr_line' id='line_1_104' title="bbox 1109 2450 1895 2489; baseline 0.008 -11"><span class='ocrx_word' id='word_1_847' title='bbox 1109 2450 1160 2478; x_wconf 89' lang='lat' dir='ltr'><strong>sibi</strong></span> <span class='ocrx_word' id='word_1_848' title='bbox 1176 2452 1279 2479; x_wconf 89' lang='lat' dir='ltr'><strong>ratione</strong></span> <span class='ocrx_word' id='word_1_849' title='bbox 1296 2453 1499 2486; x_wconf 87' lang='lat' dir='ltr'><strong>acquieverunt,</strong></span> <span class='ocrx_word' id='word_1_850' title='bbox 1515 2454 1719 2489; x_wconf 81' lang='lat' dir='ltr'><strong>magniﬁcanles</strong></span> <span class='ocrx_word' id='word_1_851' title='bbox 1740 2456 1895 2487; x_wconf 81' lang='lat' dir='ltr'><strong>Dominum.</strong></span> 
     </span>
    </p>
   </div>
   <div class='ocr_carea' id='block_1_105' title="bbox 1109 2498 1893 2536">
    <p class='ocr_par' dir='ltr' id='par_1_105' title="bbox 1109 2498 1893 2536">
     <span class='ocr_line' id='line_1_105' title="bbox 1109 2498 1893 2536; baseline 0.006 -11"><span class='ocrx_word' id='word_1_852' title='bbox 1109 2498 1229 2526; x_wconf 87' lang='lat' dir='ltr'><strong>dicentes</strong></span> <span class='ocrx_word' id='word_1_853' title='bbox 1252 2507 1258 2524; x_wconf 93' lang='lat'><strong>:</strong></span> <span class='ocrx_word' id='word_1_854' title='bbox 1287 2498 1412 2526; x_wconf 82' lang='lat' dir='ltr'><strong>Forsitan</strong></span> <span class='ocrx_word' id='word_1_855' title='bbox 1434 2499 1505 2527; x_wconf 89' lang='lat' dir='ltr'><strong>Deus</strong></span> <span class='ocrx_word' id='word_1_856' title='bbox 1532 2505 1555 2527; x_wconf 87' lang='lat' dir='ltr'><strong>et</strong></span> <span class='ocrx_word' id='word_1_857' title='bbox 1578 2501 1698 2536; x_wconf 83' lang='lat' dir='ltr'><strong>gentibus</strong></span> <span class='ocrx_word' id='word_1_858' title='bbox 1720 2502 1893 2536; x_wconf 69' lang='lat' dir='ltr'><strong>paenitentia-</strong></span> 
     </span>
    </p>
   </div>
   <div class='ocr_carea' id='block_1_106' title="bbox 1109 2543 1889 2582">
    <p class='ocr_par' dir='ltr' id='par_1_106' title="bbox 1109 2543 1889 2582">
     <span class='ocr_line' id='line_1_106' title="bbox 1109 2543 1889 2582; baseline 0.006 -13"><span class='ocrx_word' id='word_1_859' title='bbox 1109 2543 1198 2570; x_wconf 83' lang='lat' dir='ltr'><strong>tribuit</strong></span> <span class='ocrx_word' id='word_1_860' title='bbox 1215 2544 1249 2570; x_wconf 86' lang='lat' dir='ltr'><strong>ad</strong></span> <span class='ocrx_word' id='word_1_861' title='bbox 1270 2545 1475 2579; x_wconf 83' lang='lat' dir='ltr'><strong>consequendam</strong></span> <span class='ocrx_word' id='word_1_862' title='bbox 1494 2546 1573 2573; x_wconf 77' lang='lat' dir='ltr'><strong>vitam</strong></span> <span class='ocrx_word' id='word_1_863' title='bbox 1586 2547 1655 2581; x_wconf 75' lang='lat' dir='ltr'><strong>(Act.</strong></span> <span class='ocrx_word' id='word_1_864' title='bbox 1676 2547 1726 2582; x_wconf 65' lang='grc' dir='ltr'><strong>Μ).</strong></span> <span class='ocrx_word' id='word_1_865' title='bbox 1746 2547 1781 2574; x_wconf 84' lang='lat' dir='ltr'><strong>Et</strong></span> <span class='ocrx_word' id='word_1_866' title='bbox 1795 2556 1889 2580; x_wconf 77' lang='lat' dir='ltr'><strong>rursus,</strong></span> 
     </span>
    </p>
   </div>
   <div class='ocr_carea' id='block_1_107' title="bbox 1110 2588 1894 2628">
    <p class='ocr_par' dir='ltr' id='par_1_107' title="bbox 1110 2588 1894 2628">
     <span class='ocr_line' id='line_1_107' title="bbox 1110 2588 1894 2628; baseline 0.006 -13"><span class='ocrx_word' id='word_1_867' title='bbox 1110 2588 1197 2616; x_wconf 85' lang='lat' dir='ltr'><strong>Isaias</strong></span> <span class='ocrx_word' id='word_1_868' title='bbox 1218 2590 1254 2616; x_wconf 89' lang='lat' dir='ltr'><strong>ait</strong></span> <span class='ocrx_word' id='word_1_869' title='bbox 1273 2599 1282 2618; x_wconf 90' lang='lat'><em>:</em></span> <span class='ocrx_word' id='word_1_870' title='bbox 1306 2590 1364 2616; x_wconf 88' lang='lat' dir='ltr'><strong>Erit</strong></span> <span class='ocrx_word' id='word_1_871' title='bbox 1385 2591 1461 2618; x_wconf 67' lang='lat' dir='ltr'><strong>radix</strong></span> <span class='ocrx_word' id='word_1_872' title='bbox 1475 2591 1548 2618; x_wconf 84' lang='lat' dir='ltr'><strong>Jesse</strong></span> <span class='ocrx_word' id='word_1_873' title='bbox 1562 2597 1586 2618; x_wconf 89' lang='lat' dir='ltr'><strong>et</strong></span> <span class='ocrx_word' id='word_1_874' title='bbox 1600 2593 1644 2627; x_wconf 83' lang='lat' dir='ltr'><strong>qui</strong></span> <span class='ocrx_word' id='word_1_875' title='bbox 1666 2599 1787 2627; x_wconf 64' lang='lat' dir='ltr'><strong>exsurget</strong></span> <span class='ocrx_word' id='word_1_876' title='bbox 1812 2602 1894 2628; x_wconf 77' lang='lat' dir='ltr'><strong>regere</strong></span> 
     </span>
    </p>
   </div>
   <div class='ocr_carea' id='block_1_108' title="bbox 1109 2635 1894 2673">
    <p class='ocr_par' dir='ltr' id='par_1_108' title="bbox 1109 2635 1894 2673">
     <span class='ocr_line' id='line_1_108' title="bbox 1109 2635 1894 2673; baseline 0.006 -13"><span class='ocrx_word' id='word_1_877' title='bbox 1109 2639 1206 2669; x_wconf 85' lang='lat' dir='ltr'><strong>gentes,</strong></span> <span class='ocrx_word' id='word_1_878' title='bbox 1224 2635 1251 2661; x_wconf 89' lang='lat' dir='ltr'><strong>in</strong></span> <span class='ocrx_word' id='word_1_879' title='bbox 1270 2643 1329 2662; x_wconf 84' lang='lat' dir='ltr'><strong>eum</strong></span> <span class='ocrx_word' id='word_1_880' title='bbox 1341 2641 1427 2671; x_wconf 88' lang='lat' dir='ltr'><strong>gentes</strong></span> <span class='ocrx_word' id='word_1_881' title='bbox 1442 2637 1581 2671; x_wconf 86' lang='lat' dir='ltr'><strong>sperabunt</strong></span> <span class='ocrx_word' id='word_1_882' title='bbox 1603 2636 1671 2672; x_wconf 77' lang='lat' dir='ltr'><strong>(Isti.</strong></span> <span class='ocrx_word' id='word_1_883' title='bbox 1685 2637 1733 2672; x_wconf 73' lang='lat' dir='ltr'><strong>nt).</strong></span> <span class='ocrx_word' id='word_1_884' title='bbox 1750 2637 1785 2665; x_wconf 85' lang='lat' dir='ltr'><strong>Ut</strong></span> <span class='ocrx_word' id='word_1_885' title='bbox 1808 2638 1894 2673; x_wconf 73' lang='lat' dir='ltr'><strong>majo-</strong></span> 
     </span>
    </p>
   </div>
   <div class='ocr_carea' id='block_1_109' title="bbox 1110 2679 1894 2718">
    <p class='ocr_par' dir='ltr' id='par_1_109' title="bbox 1110 2679 1894 2718">
     <span class='ocr_line' id='line_1_109' title="bbox 1110 2679 1894 2718; baseline 0.006 -12"><span class='ocrx_word' id='word_1_886' title='bbox 1110 2687 1167 2707; x_wconf 89' lang='lat' dir='ltr'><strong>rem</strong></span> <span class='ocrx_word' id='word_1_887' title='bbox 1192 2679 1316 2707; x_wconf 89' lang='lat' dir='ltr'><strong>ﬁduciam</strong></span> <span class='ocrx_word' id='word_1_888' title='bbox 1336 2682 1459 2716; x_wconf 84' lang='lat' dir='ltr'><strong>gentibus</strong></span> <span class='ocrx_word' id='word_1_889' title='bbox 1488 2681 1588 2714; x_wconf 84' lang='lat' dir='ltr'><strong>faciat,</strong></span> <span class='ocrx_word' id='word_1_890' title='bbox 1618 2687 1646 2710; x_wconf 87' lang='lat' dir='ltr'><strong>et</strong></span> <span class='ocrx_word' id='word_1_891' title='bbox 1668 2690 1743 2718; x_wconf 89' lang='lat' dir='ltr'><strong>spem</strong></span> <span class='ocrx_word' id='word_1_892' title='bbox 1768 2691 1821 2711; x_wconf 92' lang='lat' dir='ltr'><strong>non</strong></span> <span class='ocrx_word' id='word_1_893' title='bbox 1847 2683 1894 2711; x_wconf 80' lang='lat' dir='ltr'><strong>dn-</strong></span> 
     </span>
    </p>
   </div>
   <div class='ocr_carea' id='block_1_110' title="bbox 1110 2725 1894 2757">
    <p class='ocr_par' dir='ltr' id='par_1_110' title="bbox 1110 2725 1894 2757">
     <span class='ocr_line' id='line_1_110' title="bbox 1110 2725 1894 2757; baseline 0.008 -6"><span class='ocrx_word' id='word_1_894' title='bbox 1110 2725 1192 2757; x_wconf 89' lang='lat' dir='ltr'><strong>biam,</strong></span> <span class='ocrx_word' id='word_1_895' title='bbox 1209 2725 1300 2753; x_wconf 90' lang='lat' dir='ltr'><strong>multis</strong></span> <span class='ocrx_word' id='word_1_896' title='bbox 1323 2726 1483 2754; x_wconf 88' lang='lat' dir='ltr'><strong>testimoniis</strong></span> <span class='ocrx_word' id='word_1_897' title='bbox 1502 2727 1592 2755; x_wconf 86' lang='lat' dir='ltr'><strong>ﬁrmat</strong></span> <span class='ocrx_word' id='word_1_898' title='bbox 1615 2727 1753 2756; x_wconf 84' lang='lat' dir='ltr'><strong>decretum</strong></span> <span class='ocrx_word' id='word_1_899' title='bbox 1780 2729 1826 2756; x_wconf 89' lang='lat' dir='ltr'><strong>Dei</strong></span> <span class='ocrx_word' id='word_1_900' title='bbox 1844 2730 1894 2757; x_wconf 82' lang='lat' dir='ltr'><strong>hoc</strong></span> 
     </span>
    </p>
   </div>
   <div class='ocr_carea' id='block_1_111' title="bbox 1111 2769 1891 2806">
    <p class='ocr_par' dir='ltr' id='par_1_111' title="bbox 1111 2769 1891 2806">
     <span class='ocr_line' id='line_1_111' title="bbox 1111 2769 1891 2806; baseline 0.006 -10"><span class='ocrx_word' id='word_1_901' title='bbox 1111 2769 1203 2803; x_wconf 84' lang='lat' dir='ltr'><strong>fuisse,</strong></span> <span class='ocrx_word' id='word_1_902' title='bbox 1223 2773 1251 2797; x_wconf 87' lang='lat' dir='ltr'><strong>ut</strong></span> <span class='ocrx_word' id='word_1_903' title='bbox 1266 2778 1359 2798; x_wconf 86' lang='lat' dir='ltr'><strong>omnes</strong></span> <span class='ocrx_word' id='word_1_904' title='bbox 1378 2775 1472 2805; x_wconf 81' lang='lat' dir='ltr'><strong>gentes</strong></span> <span class='ocrx_word' id='word_1_905' title='bbox 1490 2771 1713 2800; x_wconf 84' lang='lat' dir='ltr'><strong>benedicerentur</strong></span> <span class='ocrx_word' id='word_1_906' title='bbox 1727 2773 1754 2800; x_wconf 89' lang='lat' dir='ltr'><strong>in</strong></span> <span class='ocrx_word' id='word_1_907' title='bbox 1769 2773 1891 2806; x_wconf 76' lang='lat' dir='ltr'><strong>Christo;</strong></span> 
     </span>
    </p>
   </div>
   <div class='ocr_carea' id='block_1_112' title="bbox 1111 2815 1890 2853">
    <p class='ocr_par' dir='ltr' id='par_1_112' title="bbox 1111 2815 1890 2853">
     <span class='ocr_line' id='line_1_112' title="bbox 1111 2815 1890 2853; baseline 0.008 -10"><span class='ocrx_word' id='word_1_908' title='bbox 1111 2824 1145 2844; x_wconf 89' lang='lat' dir='ltr'><strong>ne</strong></span> <span class='ocrx_word' id='word_1_909' title='bbox 1169 2815 1309 2845; x_wconf 79' lang='lat' dir='ltr'><strong>insolentia</strong></span> <span class='ocrx_word' id='word_1_910' title='bbox 1335 2816 1502 2845; x_wconf 81' lang='lat' dir='ltr'><strong>inﬁdcutium</strong></span> <span class='ocrx_word' id='word_1_911' title='bbox 1531 2817 1682 2847; x_wconf 67' lang='lat' dir='ltr'><strong>Iudaeorum</strong></span> <span class='ocrx_word' id='word_1_912' title='bbox 1706 2820 1890 2853; x_wconf 76' lang='lat' dir='ltr'><strong>contristat-ct.</strong></span> 
     </span>
    </p>
   </div>
  </div>
