2000 3199
254 142 324 172 4599

569 142 601 170 B.
621 141 747 170 RABANI
766 140 876 170 MAURI
894 139 1053 169 ARCHIEP.
1073 139 1227 169 MOGUNT.
1248 139 1390 169 OPERUM
1407 139 1496 168 PARS
1515 137 1559 168 ΙΙΙ.

1831 141 1915 169 ίϐω

253 199 312 228 solo
325 204 450 226 sermone
465 198 536 226 dicta
551 202 631 230 sunt,
650 198 730 225 facile
745 198 919 232 interciperet
933 197 1043 230 oblivio,
1058 199 1082 229 Α
1095 196 1201 232 loquor,
1224 197 1328 231 inquit,
1351 205 1405 224 non
1425 201 1488 224 sunt
1503 197 1584 225 alieni
1605 197 1698 232 operis
1712 196 1808 225 verba
1820 219 1830 230 ,
1854 206 1916 226 nec

252 253 299 279 per
311 245 379 276 hac,
400 244 502 279 inquit,
524 252 609 278 pauca
622 251 680 277 qua:
693 243 785 277 scripsi
798 250 844 277 per
857 243 970 277 gratiam
987 249 1045 277 quae

252 290 317 317 data
333 295 370 317 est
385 290 464 322 mihi,
481 289 586 317 illorum
601 289 677 316 vobis
691 288 848 315 memoriam
864 295 971 320 revoco,
986 294 1046 322 quas

255 343 272 363 a
299 343 344 363 me
367 336 449 363 latins
467 342 537 369 saepe
555 334 671 362 disserta
692 338 764 361 sunt.
791 334 829 360 De
848 333 936 368 gratia
956 337 1045 360 autem

253 388 334 416 quam
357 381 409 408 sibi
431 382 522 407 datam
540 379 639 406 Paulus
662 383 865 410 commemorat,
883 386 964 412 supra
989 377 1045 412 jam

255 427 383 454 diximus.
403 426 487 459 Quam
501 425 614 460 gratiam
630 425 665 451 ob
683 425 735 451 hoc
749 423 799 451 sibi
813 424 903 450 datam
918 423 993 455 dicit,
1012 422 1046 450 Ut

256 472 317 504 sim,
329 472 427 506 inquit,
444 471 594 497 ministraus
610 468 712 496 Christo
727 468 791 495 Jesu
802 469 829 494 in
841 468 969 502 gentibus,
983 475 1046 494 san-

254 516 373 551 ctiﬁcans
391 515 560 549 Evangelium
584 514 641 540 Dei.
668 513 745 547 Quod
765 521 815 540 nos
828 513 971 545 habemus,
984 521 1047 539 sun—

254 562 374 595 ctiﬁcans
386 560 555 595 Evangelium
568 561 630 593 Dei,
651 560 737 588 (ἔτωεί
766 559 982 595 magniﬁcentius
1001 560 1048 586 ’(Ιί-

254 612 319 634 cunt
341 608 518 644 ἱερουργοῦντα
533 608 562 635 τὸ
584 608 727 643 εὐαγγέλιον
744 609 790 634 τοῦ
811 608 884 635 Θεοῦ,
900 606 971 639 quod
987 605 1049 631 licet

255 660 308 679 non
332 651 410 686 plene
437 659 451 678 a
476 652 562 683 nobis,
583 655 674 686 posset
696 655 786 677 tamen
818 650 871 677 dici
896 649 1049 683 sacriﬁcans

255 696 426 730 Evangelium
455 696 503 724 Dei
521 705 530 724 :
549 704 597 731 per
623 696 694 732 quod
703 697 871 732 Aostenditur
894 695 1050 730 pontiﬁcale

254 741 426 778 [sacrificale]
447 750 515 777 opus
541 750 601 770 esse
625 728 785 770 annuritiare
799 742 982 777 Evangelium.
1009 741 1050 768 ld-

255 787 328 815 circo
343 787 460 823 denique
474 787 626 824 subjungit,
648 788 683 815 Ut
697 789 744 831 [int
762 788 857 815 oblatio
872 789 985 823 gentium
1006 795 1050 814 ac-

256 838 341 869 cepta,
357 834 522 868 sanctiﬁcata
540 835 568 861 in
586 834 685 870 Spiritu
703 839 807 866 sancto,
827 838 857 861 ut
871 834 974 861 scilicet
986 833 1051 860 olfe~

254 882 351 906 rantur
364 883 458 914 gentes
474 881 539 911 Deo,
552 868 682 915 tanquam
697 881 860 914 acceptabile
873 880 1046 912 sacrificium,
1062 868 1085 898 Β

254 934 316 954 cum
341 926 368 953 in
383 926 493 953 Christo
507 926 650 954 credentes
673 933 722 961 per
741 926 915 961 Evangelium
930 925 1050 953 sanctiﬁ-

255 975 363 1003 cantur,
388 971 457 998 sicut
477 975 505 998 et
528 972 653 1006 superius
671 972 754 999 dicit:
775 972 888 999 Obsecro
903 973 992 1007 itaque
1006 980 1048 999 vos

242 1025 301 1051 .per
315 1017 521 1043 misericordiam
539 1017 604 1050 Dei,
629 1022 656 1044 ut
676 1017 819 1044 exhibeatis
837 1026 948 1052 corpora
963 1022 1049 1044 vestra

254 1061 368 1088 hostium
383 1062 478 1094 vivam,
497 1067 626 1095 sanctam,
644 1062 698 1090 Deo
716 1063 870 1098 placentem.
886 1063 963 1090 Sicut
985 1069 1049 1098 ergo

254 1106 408 1141 pontiﬁces,
423 1114 485 1134 cum
500 1107 822 1140 olferebant,necessario
835 1108 874 1135 eis
889 1113 947 1135 erat
961 1109 1051 1143 provi-

255 1154 372 1182 dendum
388 1162 422 1181 ne
439 1155 542 1181 macula
558 1155 657 1181 inesset
681 1153 791 1186 hostire,
819 1162 853 1181 ne
875 1154 1048 1188 vituperatio,

255 1208 289 1227 ne
303 1199 447 1233 vitium,ut
457 1206 546 1234 posset
561 1204 671 1234 accepta
682 1207 741 1226 csse
751 1200 807 1226 Deo
820 1204 847 1226 et
861 1204 938 1234 grata
954 1209 959 1225 :
974 1200 1011 1226 ita
1023 1203 1051 1227 et

256 1245 302 1279 qui
319 1244 493 1280 Evangelium
510 1245 659 1277 sacriﬁcat,
669 1249 695 1272 ct
709 1245 820 1271 verbum
831 1244 877 1271 Dei
896 1244 1048 1277 annuntiat,

256 1297 353 1317 curare
368 1290 530 1317 omnimodis
545 1290 634 1323 debet,
651 1298 685 1317 ne
699 1298 750 1325 qua
767 1291 793 1317 in
810 1291 979 1325 pne-dicando
994 1298 1050 1317 ma-

256 1336 328 1369 cula,
344 1344 432 1371 neque
447 1337 472 1363 in
488 1336 609 1364 docendo
623 1337 733 1368 vitium,
750 1343 836 1370 neque
850 1337 878 1363 in
895 1336 1051 1371 magisterio

256 1380 334 1415 culpa
350 1386 496 1408 nascatur:
514 1382 571 1413 sed,
587 1385 617 1408 ut
631 1382 668 1408 ita
683 1380 806 1414 dixerim,
828 1382 849 1408 si
872 1381 929 1408 fieri
951 1384 1049 1415 potest,

258 1426 432 1461 semetipsum
448 1426 536 1461 primo
551 1427 688 1458 immolet,
708 1434 737 1454 se
752 1427 868 1461 primum
882 1426 956 1453 vitiis
969 1426 1051 1461 jugu-

257 1473 305 1504 let,
320 1480 366 1499 sua
382 1472 465 1507 ipsius
478 1477 589 1507 peccata
604 1470 677 1507 prior
689 1471 843 1503 mortiﬁcet,
854 1475 884 1498 ut
895 1479 949 1498 non
965 1470 1051 1498 solum

258 1515 391 1548 doctrina,
410 1517 458 1543 sed
472 1521 500 1542 et
514 1516 577 1543 vita:
590 1516 714 1550 exemplo
729 1516 921 1550 discipulorum
936 1515 1051 1542 salutem

259 1558 397 1586 oblatione
412 1567 459 1587 sua
479 1564 617 1594 acceptam
633 1559 713 1587 faciat
727 1560 791 1586 Deo.
811 1559 993 1593 Sanctiﬁcata,
1008 1560 1050 1586 ln-

258 1606 333 1640 quit,
348 1606 376 1632 in
392 1606 493 1641 Spiritu
507 1610 608 1638 sancto,
631 1605 852 1632 sanctificationis
866 1603 927 1631 fons
935 1604 1052 1638 Spiritus

260 1655 311 1681 est,
324 1655 351 1678 et
364 1650 425 1678 ideo
438 1651 538 1679 oblatio
553 1651 682 1686 gentium,
697 1657 757 1684 quae
770 1649 853 1676 Paulo
867 1649 1053 1676 sanctiﬁcante

260 1695 382 1723 offertur.
399 1703 453 1722 non
469 1703 517 1730 per
531 1695 731 1723 observantiam
746 1694 823 1729 legis,
838 1693 885 1721 sed
900 1700 949 1728 per
963 1692 1052 1729 Spiri-

261 1746 318 1769 tum
333 1746 456 1769 sanctum
471 1746 581 1777 accepta
595 1741 653 1769 ﬁeri
667 1741 766 1768 dicitur
779 1741 844 1768 Deo.

299 1787 389 1815 Habeo
412 1788 492 1823 igitur
512 1787 622 1823 gloriam
646 1788 673 1813 in
695 1785 798 1813 Christo
816 1785 880 1813 Jesu
904 1785 938 1812 ad
959 1784 1051 1812 Deum.

263 1832 324 1860 Non
338 1834 406 1859 enim
420 1833 505 1859 audeo
520 1832 619 1867 aliquid
633 1832 703 1867 loqui
717 1839 805 1858 eorum
819 1839 878 1866 quia
891 1839 936 1866 per
947 1839 987 1858 me
1002 1839 1054 1857 non

261 1878 335 1911 efficit
351 1876 471 1903 Christus
486 1877 514 1903 in
530 1876 702 1903 obedientium
715 1876 828 1911 gentium
842 1876 916 1902 verbo
930 1880 953 1902 et
966 1875 1053 1909 factis,

261 1921 288 1947 in
301 1922 406 1948 virtutes
420 1922 554 1956 signorum
568 1926 592 1947 et
606 1920 785 1955 prodigiorum
798 1921 825 1947 in
838 1921 930 1947 virtute
942 1919 1054 1955 Spiritus

261 1967 355 1993 sancti.
373 1967 442 1993 Vera
455 1966 564 2000 quidem
579 1965 703 2001 gloriatio
716 1966 749 1992 ad
763 1965 847 1992 Deum
862 1973 914 1992 non
929 1969 987 1997 est,
1003 1965 1055 1992 nisi

261 2011 307 2038 illa
326 2019 386 2046 quae
400 2016 441 2039 est
455 2012 483 2039 in
497 2011 605 2039 Christo
622 2021 628 2038 τ
648 2011 705 2038 sine
718 2010 826 2038 Christo
840 2014 929 2037 autem
944 2009 1055 2045 gloriari

262 2057 289 2083 in
304 2057 359 2084 Deo
374 2057 427 2084 tale
442 2062 498 2090 est,
519 2057 599 2092 quale
618 2057 640 2083 si
659 2057 720 2091 quis
734 2056 805 2083 dicat
820 2063 899 2090 posse
913 2063 942 2082 se
955 2056 1056 2082 habere

261 2101 375 2136 gloriam
389 2102 459 2136 apud
473 2102 556 2129 Deum
572 2102 630 2128 sine
641 2101 755 2135 iustitia,
769 2100 827 2127 sine
841 2100 983 2134 sapientia,
997 2100 1056 2127 sine

263 2147 394 2180 veritate;
412 2148 469 2174 haec
478 2147 551 2174 enim
562 2147 650 2173 omnia
657 2146 782 2173 Christus
794 2149 846 2177 est,
854 2150 880 2171 et
892 2145 951 2172 ideo
961 2146 986 2171 in
998 2145 1054 2172 solo

263 2192 372 2220 Christo
387 2200 451 2220 vera
466 2196 507 2220 est
525 2192 650 2226 gloriatio
670 2191 703 2217 ad
726 2191 820 2217 Deum.
841 2190 934 2217 Simile
947 2194 988 2217 est
1002 2191 1054 2217 hoc

263 2237 301 2264 illi
313 2258 320 2269 .
344 2237 417 2271 quod
433 2237 461 2264 in
477 2237 537 2264 aliis
553 2237 610 2271 ipse
625 2235 709 2263 dicit:
729 2235 781 2267 Qui
796 2235 934 2270 gloriatur,
957 2235 985 2262 in
1001 2235 1054 2262 Do-

263 2283 334 2309 mino
350 2282 486 2317 glorietur.
504 2282 644 2316 Quomodo
658 2282 798 2317 culpabilis
812 2282 847 2309 sit
861 2281 984 2317 gloriatio
998 2289 1056 2308 om-

264 2327 322 2359 nis,
338 2335 398 2362 qua:
415 2332 492 2355 extra
508 2328 645 2355 Christum
661 2333 719 2360 est,
736 2327 810 2354 verbi
828 2335 925 2358 causa,
943 2327 970 2353 in
985 2326 1054 2354 divi-

263 2374 327 2406 tiis,
342 2374 384 2401 vel
402 2374 551 2402 honoribus
569 2375 675 2408 surculi,
691 2375 733 2402 vel
749 2375 881 2409 sapientia
898 2373 1006 2407 mundi,
1029 2378 1056 2401 et

263 2421 371 2448 ueteris
384 2421 497 2453 artibus,
509 2430 568 2456 qua:
581 2426 657 2449 extra
667 2422 806 2448 Christum
820 2424 892 2454 sunt,
907 2428 986 2456 supra
1000 2421 1055 2456 jam

263 2467 344 2495 latius
361 2467 547 2495 disseruimus.
576 2467 720 2495 Sciendum
745 2475 810 2495 sane
833 2472 893 2500 cst,
917 2468 988 2502 quod
1011 2467 1057 2495 hic

264 2512 354 2540 Latini
379 2514 490 2549 gloriam
515 2522 564 2549 pro
588 2514 748 2549 gloriatione
763 2517 919 2548 posuerunt.
941 2513 1055 2548 (Αιιών.)

265 2557 385 2585 Gloriam
402 2559 503 2587 habere
526 2567 556 2587 se
579 2560 644 2587 dicit
666 2559 735 2594 apud
759 2559 841 2586 Deum
859 2567 907 2594 per
920 2558 1056 2586 Christum

265 2602 361 2631 Jesum
382 2614 389 2631 :
411 2606 524 2633 credens
542 2607 615 2633 enim
635 2610 661 2633 et
681 2606 802 2633 serviens
821 2605 928 2633 Christo
943 2604 1006 2632 Jesu
1031 2605 1056 2632 in

266 2649 431 2677 conscientia
443 2659 520 2685 pura,
538 2652 664 2679 meritum
679 2651 728 2678 sibi
745 2651 806 2678 fecit
826 2652 893 2686 apud
904 2652 988 2678 Deum
1004 2651 1056 2679 Pa-

268 2698 349 2727 trem,
365 2695 392 2721 in
409 2699 511 2724 tantum
528 2701 557 2723 ut
570 2696 635 2723 nihil
651 2697 743 2724 deesse
759 2697 841 2729 dicat,
857 2697 928 2732 quod
943 2702 994 2725 non
1009 2705 1057 2733 per

269 2740 344 2766 illum
360 2745 487 2775 operatus
507 2742 542 2769 sit
556 2741 679 2769 Christus
703 2742 737 2769 ad
760 2743 975 2770 exhortationem
991 2750 1058 2778 gen-

269 2785 349 2818 tium,
365 2785 453 2813 dando
474 2787 595 2821 prodigia
617 2791 644 2814 ct
662 2787 737 2823 signa
756 2795 804 2822 per
819 2795 915 2815 manus
932 2788 1006 2823 ejus,
1029 2791 1059 2815 ut

270 2832 487 2868 praedicationem
499 2832 556 2868 ejus
566 2834 651 2862 virtus
662 2835 871 2862 commendaret.
886 2833 985 2869 (θήρ.)
996 2834 1060 2868 Quae

1095 241 1244 268 alienorum
1258 246 1396 277 gestorum
1411 242 1535 270 laudator
1558 242 1671 275 eﬁicior,
1695 243 1747 270 sed
1760 250 1834 277 qua
1848 243 1913 270 scio

1095 286 1232 313 Christum
1255 294 1304 320 per
1325 294 1370 314 me
1392 286 1524 318 effecisse,
1538 288 1596 314 haec
1608 287 1686 314 vobis
1707 288 1820 317 scribo,
1846 295 1913 321 qua

1095 339 1144 367 per
1158 333 1338 360 obedientiam
1352 334 1471 368 gentimn
1485 334 1567 360 verbo
1585 333 1612 360 in
1630 341 1677 360 me
1697 338 1728 360 et
1747 341 1844 368 opere
1858 341 1911 361 ex-

1096 378 1194 412 plevit,
1209 378 1292 405 verbo
1310 378 1518 412 praedicationis,
1533 386 1613 413 opere
1627 379 1775 413 signorum
1794 383 1827 406 et
1842 386 1908 414 pro-

1097 422 1240 457 digiorum.
1260 422 1324 456 Qua:
1340 427 1428 449 autem
1450 423 1485 450 sit
1504 422 1656 450 differentia
1674 424 1753 450 inter
1768 424 1860 459 signa
1882 429 1911 451 et

1096 470 1264 505 prodigia,et
1276 470 1302 496 in
1313 469 1439 504 aliisjam
1449 470 1530 497 latius
1538 470 1705 502 diximus,et
1724 472 1754 497 in
1771 472 1911 505 prmsenti

1097 516 1156 543 loco
1169 516 1384 551 compendiosius
1396 516 1597 550 explicabimus.
1609 516 1697 551 Signa
1707 517 1911 551 appellantur,

1098 561 1124 588 in
1139 560 1237 595 quibus
1250 569 1311 587 cum
1326 561 1360 588 sit
1374 560 1474 595 aliquid
1489 560 1620 592 mirabile,
1632 561 1783 588 indicatur
1797 570 1912 597 quoque

1099 605 1199 639 aliquid
1218 605 1357 632 futurum:
1376 606 1498 641 prodigia
1514 613 1588 637 vero,
1606 606 1633 632 in
1652 607 1764 640 quibus
1784 611 1912 634 tantum-

1098 652 1178 679 modo
1192 652 1313 678 mirabilc
1327 652 1427 686 aliquid
1440 652 1604 684 ostenditur;
1620 653 1791 688 signa‘vero
1806 659 1840 681 et
1852 662 1912 688 pro-

1099 696 1169 731 digia
1181 696 1258 731 quasi
1270 704 1329 731 qua:
1341 701 1482 731 utrumque
1492 697 1648 724 contineant
1662 698 1750 724 dixit.
1761 698 1912 733 Scriptum

1100 746 1190 768 tamen
1204 741 1294 768 divina
1311 742 1444 769 interdum
1461 746 1535 770 tenet
1550 742 1615 770 istas
1630 744 1853 778 proprietates,
1872 745 1911 771 in-

1100 788 1205 814 terdum
1230 792 1319 815 autem
1343 788 1454 816 abusive
1477 793 1504 816 et
1526 789 1647 824 prodigia
1671 798 1726 824 pro
1748 790 1865 825 signis.
1888 796 1913 818 et

1101 834 1176 868 signa
1191 841 1240 868 pro
1255 834 1384 868 prodigiis
1397 834 1482 868 ponit.
1499 835 1675 862 Observanda
1693 841 1765 863 sunt
1784 837 1849 864 [nec
1866 837 1913 864 Ee-

1098 878 1242 906 clesiarum
1264 879 1430 912 rectoribus,
1459 885 1486 906 et
1509 880 1630 915 diligenti
1655 882 1826 909 intentione
1855 890 1912 909 ser—

1098 924 1204 957 vanda,
1230 928 1260 951 ut
1285 931 1372 958 neque
1394 924 1468 959 loqui
1493 925 1594 960 aliquid
1627 925 1791 953 videantur
1816 935 1911 953 eorum

1099 976 1158 1004 quae
1173 976 1221 1004 per
1235 969 1307 1004 ipsos
1327 977 1379 996 non
1399 969 1519 997 effecerit
1533 969 1668 1002 Christus,
1688 978 1792 1005 neque
1810 972 1912 998 alieno;

1099 1014 1205 1042 labores
1222 1020 1250 1042 et
1269 1015 1360 1042 studia
1378 1015 1542 1042 decolorent.
1569 1015 1707 1050 Loquitur
1728 1022 1833 1043 autem
1856 1018 1911 1051 quis

1099 1067 1130 1087 ea
1159 1066 1219 1094 qua:
1241 1067 1290 1095 per
1313 1068 1341 1087 se
1365 1068 1419 1087 non
1446 1060 1530 1088 efficit
1543 1061 1668 1088 Christus
1688 1061 1745 1088 hoc
1770 1064 1869 1094 modo,
1890 1064 1911 1088 si

1099 1105 1226 1139 loquatur
1238 1106 1272 1133 de
1292 1106 1457 1133 continentia
1473 1111 1499 1132 ct
1515 1106 1626 1139 doceat,
1648 1114 1716 1134 cum
1739 1107 1808 1142 ipse
1826 1109 1909 1135 enuti-

1099 1159 1166 1178 nens
1182 1159 1234 1178 non
1250 1152 1284 1179 sit
1303 1161 1308 1177 :
1327 1151 1370 1178 vel
1392 1152 1414 1179 si
1432 1151 1559 1186 loquatur
1571 1152 1604 1179 de
1619 1152 1801 1184 sobrietate,
1820 1154 1863 1181 vel
1883 1155 1909 1180 tib.

1096 1197 1216 1232 justiti‘a,
1233 1197 1274 1224 vel
1296 1197 1329 1224 de
1351 1197 1496 1233 largiendis
1513 1198 1620 1232 opibus,
1642 1202 1671 1226 et
1691 1200 1908 1226 contemnenéis

1099 1242 1271 1270 facultatibus
1283 1251 1333 1278 pro
1345 1250 1428 1277 regno
1439 1243 1498 1274 Dei,
1519 1247 1547 1270 et
1559 1244 1586 1270 in
1600 1244 1658 1277 ipso
1670 1244 1721 1278 qui
1739 1245 1807 1272 haec
1825 1246 1907 1275 docet,

1100 1280 1169 1315 nihil
1183 1289 1279 1316 horum
1293 1288 1413 1316 effecerit
1427 1288 1561 1316 Christus.
1587 1289 1621 1316 Et
1642 1289 1707 1316 ideo
1728 1289 1856 1316 formam
1872 1291 1907 1316 sui

1100 1334 1245 1369 Apostolus
1259 1335 1351 1369 ponit,
1367 1338 1395 1361 et
1409 1334 1475 1362 dicit
1488 1342 1519 1361 ea
1535 1343 1564 1362 se
1577 1335 1668 1369 loqui,
1692 1339 1725 1361 et
1745 1343 1781 1362 ea
1803 1337 1907 1363 cmten‘s

1100 1379 1256 1414 prze‘dicare,
1270 1387 1330 1413 qua:
1342 1387 1392 1414 per
1405 1379 1490 1414 ipsum
1505 1380 1580 1414 prius
1590 1380 1718 1407 Christus
1735 1381 1905 1414 impleverit.

1102 1426 1144 1453 Ita
1161 1431 1187 1453 ut
1201 1427 1233 1453 ab
1245 1426 1391 1453 Jerusalem
1405 1435 1450 1461 per
1461 1427 1599 1453 circuitum
1614 1434 1697 1461 usque
1713 1427 1752 1453 ad
1765 1427 1906 1462 Illyricam

1102 1471 1250 1506 repleverim
1265 1470 1437 1507 Evangelium
1454 1471 1562 1498 Christi.
1590 1470 1634 1498 Sic
1651 1477 1744 1498 autem
1762 1472 1906 1506 praedicari

1103 1516 1283 1551 Evangelium,
1296 1525 1346 1543 non
1359 1516 1403 1543 ubi
1417 1517 1565 1543 nominatus
1579 1521 1616 1542 est
1628 1515 1763 1547 Christus,
1778 1525 1813 1543 ne
1826 1525 1905 1551 super

1103 1561 1215 1588 alienum
1230 1562 1428 1596 fundamentum
1443 1562 1611 1595 aediﬁcarent.
1638 1561 1740 1589 Paulus
1760 1569 1825 1596 ergo
1846 1569 1903 1595 per

1102 1610 1261 1640 potestatem
1277 1607 1414 1641 signorum
1433 1611 1460 1633 et
1487 1606 1675 1641 prodigiorum
1688 1627 1694 1637 ,
1718 1614 1775 1641 qua:
1798 1610 1895 1633 tamen

1104 1652 1180 1687 signa
1196 1656 1223 1680 et
1239 1653 1360 1688 prodigia
1376 1653 1403 1679 in
1417 1653 1517 1680 virtute
1531 1653 1617 1680 sancti
1635 1651 1756 1687 Spiritus
1769 1652 1902 1683 faciebat,

1104 1697 1138 1724 ab
1152 1696 1302 1725 Jerusalem
1320 1705 1405 1733 usque
1424 1698 1458 1724 ad
1482 1697 1616 1733 Illyricum
1637 1698 1758 1732 repievit
1779 1697 1899 1732 Evange

1103 1742 1169 1770 lium
1184 1742 1293 1770 Christi.
1321 1743 1404 1778 Moysi
1421 1746 1447 1770 et
1462 1743 1551 1770 Aaron
1567 1744 1678 1770 dederat
1692 1743 1768 1770 Deus
1783 1749 1899 1777 potesta-

1105 1792 1159 1815 tem
1176 1789 1314 1823 signorum
1334 1792 1361 1815 et
1374 1788 1570 1823 prodigiorum,
1592 1788 1662 1815 sicut
1684 1789 1823 1824 scriptum
1841 1794 1898 1817 est:

1105 1831 1198 1860 Posuit
1213 1834 1241 1860 in
1255 1833 1290 1860 eis
1303 1833 1380 1860 verba
1394 1833 1539 1868 signorum,
1554 1837 1578 1860 et
1592 1833 1778 1868 prodigiorum
1792 1836 1821 1861 in
1835 1840 1900 1862 terra

1105 1878 1233 1905 Chanaan
1266 1878 1352 1914 (Psal.
1386 1878 1461 1913 ctv),
1489 1882 1520 1905 ut
1552 1878 1621 1906 ﬁlios
1658 1879 1742 1906 Israel
1769 1881 1900 1915 castigata

1105 1925 1223 1963 Egypto
1239 1928 1394 1959 liberarent,
1414 1927 1461 1954 sed
1476 1926 1515 1953 illi
1528 1926 1574 1953 vix
1589 1933 1735 1960 rarumque
1754 1930 1901 1960 potuerunt

1105 1981 1137 2001 ex
1153 1973 1339 2009 {Egyptiorum
1361 1978 1440 2009 gente
1463 1977 1640 2004 convertere;
1667 1971 1773 1999 Paulus
1791 1976 1899 2007 accepta

1104 2022 1238 2054 potestate
1250 2020 1388 2054 signorum
1404 2022 1431 2046 et
1446 2018 1629 2053 prodigiorum
1652 2024 1705 2044 non
1728 2025 1816 2044 unam
1838 2025 1900 2052 gen.

1106 2069 1159 2092 tem
1175 2072 1261 2099 neque
1285 2065 1351 2092 duos
1376 2068 1423 2091 aut
1446 2068 1501 2091 tres
1524 2063 1646 2099 populos,
1672 2063 1720 2090 sed
1744 2071 1847 2090 omnes
1870 2064 1900 2090 ab

1104 2109 1252 2137 Jerusalem
1269 2110 1295 2137 in
1310 2110 1424 2137 circuitu
1445 2116 1531 2143 usque
1555 2108 1588 2136 ad
1611 2108 1748 2144 Illyricum
1777 2109 1899 2136 nationes

1105 2163 1137 2183 ac
1161 2155 1272 2191 populos
1295 2155 1487 2190 przcdicatione
1503 2154 1598 2186 verbi,
1626 2157 1653 2181 et
1678 2160 1798 2188 operum
1814 2154 1898 2181 virtu-

1067 2210 1093 2239 Β
1107 2206 1216 2237 tumque
1239 2202 1356 2237 potentia
1384 2202 1417 2229 ad
1438 2201 1539 2229 Christi
1560 2204 1730 2227 sacramenta
1751 2201 1896 2227 convenit

1107 2248 1153 2275 Sic
1168 2253 1256 2275 autem
1273 2247 1429 2282 praedicavit
1440 2247 1491 2273 hoc
1506 2245 1689 2281 Evangelinm,
1699 2249 1730 2272 ut
1741 2253 1798 2272 non
1807 2245 1899 2272 alienis

1106 2293 1253 2325 laboribus,
1267 2302 1353 2328 neque
1368 2293 1463 2320 aliena:
1476 2291 1659 2327 prmdicationi
1682 2291 1898 2318 additamentum

1107 2339 1149 2366 sui
1166 2339 1448 2369 sermonisinsercret,
1458 2345 1491 2364 ne
1506 2337 1540 2364 al)
1554 2337 1606 2363 alio
1621 2336 1682 2363 ﬁdei
1693 2337 1792 2370 positis
1808 2336 1898 2363 funda-

1108 2383 1206 2410 mentis
1219 2383 1276 2418 ipse
1299 2382 1442 2409 :ediﬁcium
1464 2381 1579 2416 propria:
1595 2380 1800 2415 praedicationis
1815 2382 1897 2416 impo.

1109 2431 1195 2459 neret,
1220 2431 1248 2453 et
1265 2426 1345 2454 alieni
1361 2426 1450 2460 operis
1463 2425 1603 2459 Subripere
1618 2424 1731 2459 gloriam
1749 2424 1895 2452 videretur.

1110 2471 1222 2507 (Ambr.)
1239 2471 1297 2498 Non
1315 2472 1372 2499 sine
1390 2479 1470 2498 causa
1482 2470 1537 2497 illic
1553 2478 1581 2497 se
1595 2470 1745 2505 praedicare
1760 2471 1810 2497 niti
1825 2470 1895 2501 dicit,

1109 2517 1154 2544 ubi
1167 2525 1219 2543 non
1231 2517 1386 2544 nominatus
1397 2520 1439 2543 est
1446 2515 1586 2547 Christus;
1600 2515 1689 2542 Sciens
1701 2516 1774 2542 enim
1786 2515 1897 2550 pseudo-

1108 2562 1245 2597 apostolos
1265 2562 1343 2589 aliter
1357 2569 1437 2596 quam
1457 2562 1598 2595 oportebat
1613 2560 1751 2588 Christum
1772 2561 1894 2587 tradere:

1109 2608 1142 2635 ad
1159 2607 1208 2635 hoc
1222 2608 1293 2644 enim
1308 2607 1473 2639 circuibant,
1489 2611 1520 2632 ut
1535 2606 1584 2632 sub
1599 2606 1709 2633 nomine
1722 2605 1825 2633 Christi
1840 2605 1896 2632 aliis

1109 2652 1279 2687 dogmatibus
1292 2652 1418 2686 populum
1434 2650 1629 2685 manciparent,
1645 2652 1716 2685 quod
1734 2655 1828 2686 postea
1843 2659 1897 2679 cor-

1111 2697 1200 2732 rigere
1219 2696 1328 2723 maximi
1350 2700 1409 2723 erat
1433 2695 1547 2727 laboris;
1569 2695 1670 2722 idcirco
1688 2696 1897 2729 praevenit-ero-

1112 2741 1179 2773 luit,
1205 2745 1235 2769 ut
1251 2740 1386 2768 mundata:
1402 2739 1601 2775 pmedicatiouis
1617 2741 1698 2767 verba
1718 2744 1758 2766 tra
1771 2741 1839 2767 teret
1853 2748 1896 2767 au-

1113 2784 1259 2818 dientibus,
1271 2790 1298 2813 et
1313 2785 1416 2821 integra
1433 2785 1505 2812 linea
1530 2784 1688 2819 superficies
1709 2786 1833 2812 orlinata
1857 2786 1895 2812 in-

1114 2830 1226 2860 columis
1238 2830 1402 2858 fundamenti
1417 2830 1498 2858 robur
1512 2828 1635 2856 haberet.
1647 2830 1679 2857 Et
1693 2831 1755 2864 quia
1771 2832 1896 2863 magister
